Date,Narration,Chq./Ref.No.,Value Dt,Withdrawal Amt.,Deposit Amt.,Closing Balance
01/01/2025,NEFT/INFOSYS LIMITED/MONTHLY SALARY,6209338896418652,01/01/2025,,89701,142564.92
01/01/2025,UPI-DEVKARAN MEENA-8183688127@YBL-FINO00 64073-921277495701-PAYMENT FROM PHONE,3157060714065927,01/01/2025,,31300.43,173865.35
01/01/2025,UPI-APOLLO PHARMACIES LI-SBIPMOPAD.02PYM 125041265189-PAYMENT FROM PHONE,6080572207887110,01/01/2025,1748.76,,172116.59
01/01/2025,UPI-KWATRA-IBKPOS.EP842398@ICICI-ICIC000 1947-106685409177-PAYMENT FROM PHONE,9972263279966181,01/01/2025,4684.11,,167432.48
02/01/2025,UPI-JABIR HUSAIN TAI-9316523148@YBL-SBIN 44215-410990140532-PAYMENT FROM PHONE,1479241689002403,02/01/2025,6315.31,,161117.17
02/01/2025,UPI-KALA KUNJ KOTA-VYAPAR.825162605680@H DFCBANK-HDFC0MERUPI-573343896103-PAYMENT FROM PHONE,1683010683575865,02/01/2025,38170.45,,122946.72
02/01/2025,NEFT/INFOSYS LIMITED/MONTHLY SALARY,9142097963872467,02/01/2025,,82049,204995.72
02/01/2025,UPI-EKART-EKART2.PAYU@AXISBANK-UTIB00001 00-134133391285-UPIQR,2061529249512649,02/01/2025,6146.61,,198849.11
03/01/2025,UPI-SWIGGY-7583115322@HDFCBANK-HDFC0MERUP I-695920082840-SWIGGY FOOD,3252047767777873,03/01/2025,276.03,,198573.08
03/01/2025,UPI-KALA KUNJ KOTA-VYAPAR.331689074644@H DFCBANK-HDFC0MERUPI-552438094116-PAYMENT FROM PHONE,7750076579539237,03/01/2025,30202.05,,168371.03
03/01/2025,UPI-GHANSHYAM GURJAR-GHANSHYAMG694@AXL 4215051-570264183604-PAYMENT FROM PH ONE,8270980803526125,03/01/2025,,15630.51,184001.54
03/01/2025,UPI-SWIGGY-9321181417@HDFCBANK-HDFC0MERUP I-667963455681-SWIGGY FOOD,1288864683092363,03/01/2025,164.98,,183836.56
03/01/2025,UPI-EKART-EKART@YBL-YESB0YBLUPI-75639552 1843-PAYMENT FOR REFCL5,3595095579178357,03/01/2025,871.74,,182964.82
03/01/2025,UPI-AVIRAL MITTAL-AVIRAL.23@YBL-SBIN003 0057-436162268106-PAYMENT FROM PHONE,6185485942510031,03/01/2025,32965.79,,149999.03
03/01/2025,UPI-MAHESH KUMAR MALI-8261673754@YBL-SBI N0030057-575717854372-PAYMENT FROM PHONE,9638323396281725,03/01/2025,23856.37,,126142.66
04/01/2025,UPI-OLA CABS-7912070660@PTYBL YESB0PTMUPI-625846834602-AUTO PAYMENT,4885541412665124,04/01/2025,669.31,,125473.35
04/01/2025,UPI-APOLLO PHARMACIES LI-SBIPMOPAD.02PYM 395967232471-PAYMENT FROM PHONE,7312904550083973,04/01/2025,1953.6,,123519.75
04/01/2025,UPI-JABIR HUSAIN TAI-8842043059@YBL-SBIN 31464-236557949807-PAYMENT FROM PHONE,1132169839656682,04/01/2025,848.13,,122671.62
04/01/2025,UPI-SHAILENDRA PRAJAPAT-PAYTM.S41222@PT Y-YESB0MCHUPI-564793584573-PAYMENT FROM PHONE,8020881134506101,04/01/2025,15049.53,,107622.09
04/01/2025,UPI-MR PANKAJ BHAT-9639986297-2@YBL-CBI N6468315-668317424561-PAYMENT FROM PHONE,4251933056299912,04/01/2025,,32754.19,140376.28
04/01/2025,UPI-ZOMATO-PAYZOMATO@HDFCBANK-HDFC0MERUP I-192400949285-PAYMENT FROM PHONE,9987122680027919,04/01/2025,126.81,,140249.47
04/01/2025,UPI-BPCL UFILL 8-PAYTMQR55676737@PAYTM-YE SB0PTMUPI-705183511743-PAYMENT FROM PHON E,9112232959374738,04/01/2025,1409.79,,138839.68
04/01/2025,UPI-ETISHA MITTAL-7788066350-2@AXL-UBIN0 282572-172380588936-PAYMENT FROM PHONE,1377035245438774,04/01/2025,19703.91,,119135.77
05/01/2025,UPI-RACHANA RAWAT-723866519R@AXL-FINO00 20001-947694730821-PAYMENT FROM PHONE,2564892137217259,05/01/2025,,14958.33,134094.1
05/01/2025,UPI-ZOMATO LIMITED-ZOMATOFD.PAYU@HDFCBANK K-HDFC0MERUPI-305854926466-UPIINTENT,2762229726293241,05/01/2025,378.6,,133715.5
05/01/2025,UPI-ABHISHEK READYMADES-Q447652588@YBL-Y ESB0YBLUPI-997975952818-PAYMENT FROM PHO NE,9608410541658415,05/01/2025,900.77,,132814.73
05/01/2025,UPI-RAMESH KUMAR PATIDA-SURESHSINGH71-5@O KHDFCBANK-HDFC8514622-597610575977-PAYME NT FROM PHONE,1283135610630458,05/01/2025,12472.91,,120341.82
05/01/2025,UPI-VIJAY SHREE TRADERS-SURENDRAGOYAL16@ OKSBI-BKID0008860-781328392527-PAYMENT F ROM PHONE,7732540155029942,05/01/2025,33086.82,,87255.0
05/01/2025,UPI-SRN PRINTERS-BHARATPE.27310245246@FB PE-FDRL0001382-727358270469-PAY TO BHARA TPE ME,5725275626546389,05/01/2025,2224.3,,85030.7
05/01/2025,UPI-AVIRAL MITTAL-AVIRAL.23@YBL-SBIN003 0057-505446734169-PAYMENT FROM PHONE,1362150810136027,05/01/2025,5148.24,,79882.46
06/01/2025,UPI-SWIGGY-8949432701@HDFCBANK-HDFC0MERUP I-495524240215-SWIGGY FOOD,7448708001054702,06/01/2025,404.73,,79477.73
06/01/2025,UPI-TAKEUFORWARD-TAKEUFORWARD328596.RZP@ RXAIRTEL-AIRP0000011-909288180488-PAYMEN TTOTAKEUFORW,2188797764830577,06/01/2025,3057.93,,76419.8
06/01/2025,UPI-RACHANA RAWAT-853057143R@AXL-FINO00 40001-524241077410-PAYMENT FROM PHONE,4680305200076906,06/01/2025,,28346.04,104765.84
06/01/2025,UPI-IRCTC RAIL APP-IRCTCPGONLINE@AXL-UTI B0AXLUPI-154814579600-PAYMENT FOR 100006,8916704414398614,06/01/2025,1378.14,,103387.7
06/01/2025,UPI-KWATRA-IBKPOS.EP609446@ICICI-ICIC000 8142-146940237538-PAYMENT FROM PHONE,7227431165820432,06/01/2025,11497.15,,91890.55
06/01/2025,UPI-KWATRA-IBKPOS.EP589565@ICICI-ICIC000 6789-196127633518-PAYMENT FROM PHONE,9930446040009186,06/01/2025,26851.93,,65038.62
07/01/2025,UPI-VINOD-VINODBAGADA5@AXL-SBIN0030057-9 672990833264-PAYMENT FROM PHONE,7622473693256057,07/01/2025,,39932.93,104971.55
07/01/2025,UPI-UBER-8914181914@HDFCBANK HDFC0MERUPI-810235365455-RIDE PAYMENT,8472844405250022,07/01/2025,786.79,,104184.76
07/01/2025,UPI-IRCTC RAIL APP-IRCTCPGONLINE@YBL-YES B0YBLUPI-308761856551-PAYMENT FOR 100006,5813477584112127,07/01/2025,1273.53,,102911.23
07/01/2025,UPI-ABHISHEK READYMADES-Q358456060@YBL-Y ESB0YBLUPI-526249951370-PAYMENT FROM PHO NE,6216268625481844,07/01/2025,4200.98,,98710.25
07/01/2025,UPI-APOLLO PHARMACIES LI-SBIPMOPAD.02PYM 550572690341-PAYMENT FROM PHONE,3690435913573205,07/01/2025,1847.34,,96862.91
08/01/2025,UPI-RACHANA RAWAT-918103208R@AXL-FINO00 10001-879494461112-PAYMENT FROM PHONE,8601702383770627,08/01/2025,,9233.92,106096.83
08/01/2025,UPI-RADESHYAM CHAUDHARY-DIMPALCHOUDHARY 6991@AXL-SBIN0030057-282929158043-PAYMENT T FROM PHONE,5443626287943574,08/01/2025,,10654.17,116751.0
08/01/2025,UPI-OLA CABS-8187198196@PTYBL YESB0PTMUPI-421422292058-AUTO PAYMENT,6741703192237947,08/01/2025,1126.42,,115624.58
08/01/2025,BBPS/BESCOM/ELECTRICITY/BILL PAY,7253767950059155,08/01/2025,347.1,,115277.48
09/01/2025,UPI-MSBEAUX FASHION-IBKPOS.EP44271@ICIC I-ICIC0000004-864213697542-PAYMENT FROM PHONE,2705821511766727,09/01/2025,359.13,,114918.35
09/01/2025,UPI-VIJAY SHREE TRADERS-SURENDRAGOYAL35@ OKSBI-BKID0008860-219926516569-PAYMENT F ROM PHONE,4272293210095816,09/01/2025,17708.15,,97210.2
09/01/2025,UPI-MS KAMAL ENTERPRISES-Q498038914@YBL HDFC0MERUPI-321369389691-PAYMENT FROM PH ONE,5092180390375569,09/01/2025,183.16,,97027.04
09/01/2025,UPI-RAVI CARPENTER-7745154850@YBL-SBIN0 92967-430919294255-PAYMENT FROM PHONE,6032434889908124,09/01/2025,1521.64,,95505.4
09/01/2025,UPI-KALA KUNJ KOTA-VYAPAR.344463025294@H DFCBANK-HDFC0MERUPI-771560865214-PAYMENT FROM PHONE,1305074268527796,09/01/2025,9764.82,,85740.58
10/01/2025,UPI-LOCAL DHABA-PAYTMQR4010266@PTYS YESB0PTMUPI-510123144314-PAYMENT FROM PHONE,1134130482740291,10/01/2025,348.42,,85392.16
10/01/2025,UPI-EKART-EKART@YBL-YESB0YBLUPI-58960582 1509-PAYMENT FOR REFCL7,1577156396608025,10/01/2025,7637.94,,77754.22
10/01/2025,UPI-KALA KUNJ KOTA-VYAPAR.497876373708@H DFCBANK-HDFC0MERUPI-537972204672-PAYMENT FROM PHONE,9461903179178958,10/01/2025,8437.81,,69316.41
10/01/2025,UPI-BIGBASKET-7702462350@HDFCBANK HDFC0MERUPI-706374509471-GROCERY ORDER,3018255822526790,10/01/2025,2259.99,,67056.42
10/01/2025,UPI-RAMESH KUMAR BANJARA-KAMLESHPAT76-4@O KHDFCBANK-HDFC9663062-746267922098-PAYME NT FROM PHONE,3204882672335463,10/01/2025,23272.47,,43783.95
10/01/2025,UPI-MAHESH KUMAR MALI-9715943183@YBL-SBI N0030057-620733174731-PAYMENT FROM PHONE,6496703008465359,10/01/2025,20631.3,,23152.65
11/01/2025,UPI-SAYUSH MITTAL-SAYUSHMITTAL82@OKHDFCB ANK-HDFC0005830-915189609181-UPI,4665706774703449,11/01/2025,,19229.24,42381.89
11/01/2025,UPI-NETFLIX COM-NETFLIXUPI.PAYU@HDFCBANK -HDFC0MERUPI-316982796045-MONTHLY AUTOPA Y. C,4501303566383912,11/01/2025,418.99,,41962.9
11/01/2025,UPI-MR SIDDHARTH CHHABR-Q530771580@YBL-675401834614 YESB0YBLUPI-644506066038-PAYMENT FROM PH ONE,8193235810132933,11/01/2025,43775.3,,-1812.4
12/01/2025,UPI-SHAILENDRA PRAJAPAT-PAYTM.S26365@PT Y-YESB0MCHUPI-869288060387-PAYMENT FROM PHONE,5055100289366790,12/01/2025,33760.52,,-35572.92
12/01/2025,UPI-JABIR HUSAIN TAI-8551510388@YBL-SBIN 19208-901189782396-PAYMENT FROM PHONE,5360537670847230,12/01/2025,28274.51,,-63847.43
12/01/2025,ACH/HDFC MF/SIP/EQUITY FUND,8306047784301272,12/01/2025,2901.32,,-66748.75
12/01/2025,UPI-DEVKARAN MEENA-7897613706@YBL-FINO00 54070-631256989377-PAYMENT FROM PHONE,2101361809312176,12/01/2025,,19764.47,-46984.28
12/01/2025,UPI-SHAILENDRA PRAJAPAT-PAYTM.S11435@PT Y-YESB0MCHUPI-174013481364-PAYMENT FROM PHONE,1309530097863418,12/01/2025,21615.24,,-68599.52
12/01/2025,UPI-SURESH KUMAR PATIDA-KAMLESHPAT62-2@O KHDFCBANK-HDFC1208732-763972221600-PAYME NT FROM PHONE,7663189331525439,12/01/2025,18858.93,,-87458.45
13/01/2025,UPI-IRCTC RAIL APP-IRCTCPGONLINE@YBL-YES B0YBLUPI-570244158662-PAYMENT FOR 100006,3144061539103612,13/01/2025,1533.74,,-88992.19
13/01/2025,UPI-BLINKIT-PAYTM-BLINKIT@PTYBL-YESB0PTM UPI-322913176760-BLINKIT PAYMENT,8258197684877263,13/01/2025,2040.54,,-91032.73
14/01/2025,UPI-BLINKIT-PAYTM-BLINKIT@PTYBL-YESB0PTM UPI-133583706503-BLINKIT PAYMENT,2095129774428165,14/01/2025,2838.6,,-93871.33
14/01/2025,UPI-ZEPTO MARKETPLACE PR-ZEPTOMARKETPLAC 629815.RZP@RXAXIS-UTIB0000RZP-185813749414 16-PAYMENT FROM PHONE,4923773285593175,14/01/2025,1946.34,,-95817.67
14/01/2025,UPI-SWIGGY-9207327924@HDFCBANK-HDFC0MERUP I-139933045298-SWIGGY FOOD,7694270484171910,14/01/2025,70.35,,-95888.02
14/01/2025,UPI-IRCTC RAIL APP-IRCTCPGONLINE@AXL-UTI B0AXLUPI-351210495748-PAYMENT FOR 100006,5419457099270594,14/01/2025,747.07,,-96635.09
14/01/2025,UPI-GOOGLE-PLAYSTORE1.BD@AXISBANK-UTIB00 96593-823582635801-MANDATEEXECUTE,6167407587620800,14/01/2025,526.75,,-97161.84
14/01/2025,UPI-ZERODHA-9864775649@ZERODHA,9188728302637453,14/01/2025,2533.27,,-99695.11
15/01/2025,UPI-DEVKARAN MEENA-8404958285@YBL-FINO00 61158-411015474364-PAYMENT FROM PHONE,2811779527980266,15/01/2025,,5623.29,-94071.82
15/01/2025,UPI-BLINKIT-BLINKIT.PAYU@HDFCBANK-HDFC0M ERUPI-892212955628-UPIINTENT,6979584191189064,15/01/2025,501.28,,-94573.1
15/01/2025,UPI-ZEPTO MARKETPLACE PR-ZEPTOMARKETPLAC 552529.RZP@RXAXIS-UTIB0000RZP-109593381563 75-PAYMENT FROM PHONE,5981373249613304,15/01/2025,1708.2,,-96281.3
15/01/2025,UPI-GHANSHYAM GURJAR-GHANSHYAMG334@AXL 1048154-172252412451-PAYMENT FROM PH ONE,8393532350881840,15/01/2025,,3648.52,-92632.78
15/01/2025,UPI-VINOD-VINODBAGADA8@AXL-SBIN0030057-7 494363353860-PAYMENT FROM PHONE,9091799852901727,15/01/2025,,4773.26,-87859.52
15/01/2025,UPI-BLINKIT-PAYTM-BLINKIT@PTYBL-YESB0PTM UPI-374703965767-BLINKIT PAYMENT,8939920212191925,15/01/2025,657.71,,-88517.23
15/01/2025,UPI-IRCTC RAIL APP-IRCTCPGONLINE@YBL-YES B0YBLUPI-454545442736-PAYMENT FOR 100006,1726253468418367,15/01/2025,1313.05,,-89830.28
16/01/2025,UPI-RACHANA RAWAT-432354462R@AXL-FINO00 90001-397452557443-PAYMENT FROM PHONE,1672585519213387,16/01/2025,,15963.59,-73866.69
16/01/2025,UPI-ZOMATO-PAYZOMATO@HDFCBANK-HDFC0MERUP I-450019126145-PAYMENT FROM PHONE,5641120941642508,16/01/2025,214.01,,-74080.7
16/01/2025,UPI-CHAAYOS-7708969638@HDFCBANK HDFC0MERUPI-178171910354-PAYMENT FROM PHONE,6564530102150339,16/01/2025,487.95,,-74568.65
16/01/2025,UPI-MR SIDDHARTH CHHABR-Q790521986@YBL-752140707653 YESB0YBLUPI-437956727831-PAYMENT FROM PH ONE,6769448898724445,16/01/2025,38700.59,,-113269.24
16/01/2025,UPI-SAYUSH MITTAL-SAYUSHMITTAL88@OKHDFCB ANK-HDFC0005830-314086305941-UPI,2558359478099430,16/01/2025,,14538.79,-98730.45
16/01/2025,UPI-CHAAPS N CURRIES-Q403158570@YBL-YESB 0YBLUPI-484708998684-PAYMENT FROM PHONE,9679611421504639,16/01/2025,770.58,,-99501.03
16/01/2025,UPI-ZOMATO LIMITED-ZOMATOFD.PAYU@HDFCBANK K-HDFC0MERUPI-343197927387-UPIINTENT,7482533736367596,16/01/2025,538.68,,-100039.71
16/01/2025,UPI-CHAAPS N CURRIES-Q902043889@YBL-YESB 0YBLUPI-241169202910-PAYMENT FROM PHONE,3321786665617743,16/01/2025,555.87,,-100595.58
16/01/2025,UPI-RAMESH KUMAR PATIDA-RAKESHSIOTA47-4@O KHDFCBANK-HDFC6798495-150757668288-PAYME NT FROM PHONE,1335128078299444,16/01/2025,2955.6,,-103551.18
17/01/2025,UPI-VINOD-VINODBAGADA2@AXL-SBIN0030057-6 687925983392-PAYMENT FROM PHONE,8028944218922942,17/01/2025,,14392.3,-89158.88
17/01/2025,UPI-EKART-EKART2.PAYU@AXISBANK-UTIB00001 00-719848514018-UPIQR,8253940079954844,17/01/2025,1163.37,,-90322.25
17/01/2025,UPI-ABHISHEK READYMADES-Q401976161@YBL-Y ESB0YBLUPI-322833338661-PAYMENT FROM PHO NE,5670182716589350,17/01/2025,1840.01,,-92162.26
17/01/2025,UPI-JABIR HUSAIN TAI-8151457273@YBL-SBIN 35814-495977165074-PAYMENT FROM PHONE,3939765384191470,17/01/2025,33162.22,,-125324.48
17/01/2025,UPI-BLINKIT-PAYTM-BLINKIT@PTYBL-YESB0PTM UPI-114790123293-BLINKIT PAYMENT,6565422757367662,17/01/2025,711.05,,-126035.53
17/01/2025,UPI-ZOMATO LIMITED-ZOMATOFD.PAYU@HDFCBANK K-HDFC0MERUPI-472967245548-UPIINTENT,2513242756672875,17/01/2025,594.95,,-126630.48
17/01/2025,UPI-GOOGLE-PLAYSTORE1.BD@AXISBANK-UTIB00 33044-670347390113-MANDATEEXECUTE,7799281056995104,17/01/2025,301.8,,-126932.28
18/01/2025,UPI-IRCTC RAIL APP-IRCTCPGONLINE@AXL-UTI B0AXLUPI-949043522054-PAYMENT FOR 100006,1155491684162109,18/01/2025,1196.95,,-128129.23
18/01/2025,UPI-KAMLESH KUMAR SIOTA-SURESHSINGH62-1@O KHDFCBANK-HDFC8469966-807762974415-PAYME NT FROM PHONE,1451038694307591,18/01/2025,19572.48,,-147701.71
18/01/2025,UPI-KWATRA-IBKPOS.EP455848@ICICI-ICIC000 8344-230052655907-PAYMENT FROM PHONE,4245435385245703,18/01/2025,24643.57,,-172345.28
19/01/2025,UPI-ZOMATO LIMITED-ZOMATOFD.PAYU@HDFCBANK K-HDFC0MERUPI-733234771525-UPIINTENT,8947820375944984,19/01/2025,700.02,,-173045.3
19/01/2025,UPI-GOOGLE-PLAYSTORE1.BD@AXISBANK-UTIB00 87232-680952236118-MANDATEEXECUTE,3005664248290201,19/01/2025,551.99,,-173597.29
19/01/2025,UPI-ZOMATO LIMITED-ZOMATOFD.PAYU@HDFCBANK K-HDFC0MERUPI-681715768614-UPIINTENT,6193421550493746,19/01/2025,255.37,,-173852.66
19/01/2025,UPI-MR SIDDHARTH CHHABR-Q116507677@YBL-484402467647 YESB0YBLUPI-903801616328-PAYMENT FROM PH ONE,1879059082676251,19/01/2025,12510.09,,-186362.75
20/01/2025,UPI-DEVKARAN MEENA-8124993013@YBL-FINO00 60760-403776432751-PAYMENT FROM PHONE,9467228817319839,20/01/2025,,37649.65,-148713.1
20/01/2025,UPI-JAIN DAIRY COLDRINKS-Q778079611@YBL- YESB0YBLUPI-636275212997-PAYMENT FROM PH ONE,6044327883684435,20/01/2025,471.26,,-149184.36
20/01/2025,UPI-UBER-8864175505@HDFCBANK HDFC0MERUPI-243557803911-RIDE PAYMENT,3080043057040963,20/01/2025,1426.41,,-150610.77
20/01/2025,UPI-SURESH KUMAR SIOTA-SURESHSINGH68-5@O KHDFCBANK-HDFC1840410-243747394669-PAYME NT FROM PHONE,8079055719704042,20/01/2025,14231.85,,-164842.62
20/01/2025,UPI-VINOD-VINODBAGADA9@AXL-SBIN0030057-7 339808434768-PAYMENT FROM PHONE,8389597849892152,20/01/2025,,26156.9,-138685.72
20/01/2025,UPI-KALA KUNJ KOTA-VYAPAR.833493851803@H DFCBANK-HDFC0MERUPI-918293211782-PAYMENT FROM PHONE,2060619989873773,20/01/2025,17439.08,,-156124.8
21/01/2025,UPI-RACHANA RAWAT-542285472R@AXL-FINO00 10001-414752284831-PAYMENT FROM PHONE,4752133374547840,21/01/2025,,6710.78,-149414.02
21/01/2025,UPI-MEESHO TECHNOLOGIES -MEESHOONLINEPG@ AXL-UTIB0AXLUPI-845093237452-UPI INTENT,2886983793249877,21/01/2025,4373.66,,-153787.68
21/01/2025,UPI-AVIRAL MITTAL-AVIRAL.23@YBL-SBIN003 0057-481651216494-PAYMENT FROM PHONE,4786587183392300,21/01/2025,27754.72,,-181542.4
21/01/2025,UPI-DEVKARAN MEENA-8041395334@YBL-FINO00 57322-276456902404-PAYMENT FROM PHONE,5322451458064859,21/01/2025,,32182.41,-149359.99
21/01/2025,UPI-SWIGGY-8482692334@HDFCBANK-HDFC0MERUP I-917654622055-SWIGGY FOOD,1776644756692183,21/01/2025,758.75,,-150118.74
21/01/2025,UPI-IRCTC RAIL APP-IRCTCPGONLINE@AXL-UTI B0AXLUPI-383205310614-PAYMENT FOR 100006,6576720599048600,21/01/2025,166.39,,-150285.13
22/01/2025,UPI-BIGBASKET-9177059542@HDFCBANK HDFC0MERUPI-693192716193-GROCERY ORDER,1338597940173929,22/01/2025,108.48,,-150393.61
22/01/2025,UPI-JABIR HUSAIN TAI-9724154098@YBL-SBIN 49672-364222302779-PAYMENT FROM PHONE,1503239510742117,22/01/2025,14112.02,,-164505.63
22/01/2025,UPI-KALA KUNJ KOTA-VYAPAR.369347602163@H DFCBANK-HDFC0MERUPI-684077459710-PAYMENT FROM PHONE,3826350466608014,22/01/2025,32735.84,,-197241.47
22/01/2025,UPI-VIJAY SHREE TRADERS-SURENDRAGOYAL73@ OKSBI-BKID0008860-456967186721-PAYMENT F ROM PHONE,5078945458719644,22/01/2025,42141.19,,-239382.66
22/01/2025,ACH/ICICI BANK/EMI/PERSONAL LOAN,5924206918700997,22/01/2025,16115.35,,-255498.01
22/01/2025,UPI-DEVKARAN MEENA-8655947889@YBL-FINO00 59355-935626451175-PAYMENT FROM PHONE,6737211180824619,22/01/2025,,19638.11,-235859.9
22/01/2025,UPI-UBER-7580932928@HDFCBANK HDFC0MERUPI-747921288073-RIDE PAYMENT,5330001374201856,22/01/2025,1898.54,,-237758.44
22/01/2025,UPI-JABIR HUSAIN TAI-9848378098@YBL-SBIN 95215-192996023695-PAYMENT FROM PHONE,8338170814635893,22/01/2025,38744.23,,-276502.67
22/01/2025,ACH/SBI MF/SIP/BLUECHIP FUND,8122414566282206,22/01/2025,2660.16,,-279162.83
23/01/2025,UPI-RADESHYAM CHAUDHARY-DIMPALCHOUDHARY 3782@AXL-SBIN0030057-726531654588-PAYMENT T FROM PHONE,8756864558199936,23/01/2025,,44962.46,-234200.37
23/01/2025,UPI-BLINKIT-BLINKIT.PAYU@HDFCBANK-HDFC0M ERUPI-126048667824-UPIINTENT,1553780980992493,23/01/2025,286.05,,-234486.42
23/01/2025,ACH/JIO/RECHARGE/4G PLAN,5161041923545073,23/01/2025,956.19,,-235442.61
24/01/2025,UPI-RACHANA RAWAT-840047073R@AXL-FINO00 80001-738641847711-PAYMENT FROM PHONE,8853437171366355,24/01/2025,,34855.85,-200586.76
24/01/2025,UPI-CHAAPS N CURRIES-Q178778120@YBL-YESB 0YBLUPI-306758488056-PAYMENT FROM PHONE,5663351175460112,24/01/2025,590.35,,-201177.11
24/01/2025,UPI-BIGBASKET-8851109119@HDFCBANK HDFC0MERUPI-962081140185-GROCERY ORDER,2199996179315604,24/01/2025,557.2,,-201734.31
24/01/2025,UPI-TAKEUFORWARD-TAKEUFORWARD952606.RZP@ RXAIRTEL-AIRP0000011-708046307102-PAYMEN TTOTAKEUFORW,3092334944961890,24/01/2025,3273.85,,-205008.16
24/01/2025,UPI-JABIR HUSAIN TAI-8777162066@YBL-SBIN 92181-498100421978-PAYMENT FROM PHONE,2147182339423123,24/01/2025,30309.29,,-235317.45
24/01/2025,UPI-GOOGLE-PLAYSTORE1.BD@AXISBANK-UTIB00 17308-409406035166-MANDATEEXECUTE,1751928448009613,24/01/2025,1750.52,,-237067.97
24/01/2025,UPI-AVIRAL MITTAL-AVIRAL.23@YBL-SBIN003 0057-775687451501-PAYMENT FROM PHONE,4535157634617139,24/01/2025,17168.77,,-254236.74
24/01/2025,NACH/BAJAJ FINANCE/EMI DEBIT,6674828258194821,24/01/2025,13013.2,,-267249.94
25/01/2025,UPI-ZOMATO LIMITED-ZOMATOFD.PAYU@HDFCBANK K-HDFC0MERUPI-911476766635-UPIINTENT,7107069540843581,25/01/2025,576.91,,-267826.85
25/01/2025,UPI-ZERODHA-9667519814@ZERODHA,3186811601778818,25/01/2025,5609.09,,-273435.94
25/01/2025,UPI-BLINKIT-BLINKIT.PAYU@HDFCBANK-HDFC0M ERUPI-873399821246-UPIINTENT,3946329208539141,25/01/2025,451.41,,-273887.35
25/01/2025,UPI-BIGBASKET-8707214327@HDFCBANK HDFC0MERUPI-882343397285-GROCERY ORDER,7786917430999194,25/01/2025,1631.78,,-275519.13
25/01/2025,UPI-MAHESH KUMAR MALI-8690756611@YBL-SBI N0030057-166744787863-PAYMENT FROM PHONE,9779043409716796,25/01/2025,8420.09,,-283939.22
26/01/2025,UPI-OLA CABS-8229694480@PTYBL YESB0PTMUPI-708345163596-AUTO PAYMENT,9319715372943414,26/01/2025,961.44,,-284900.66
26/01/2025,UPI-UBER-7561997503@HDFCBANK HDFC0MERUPI-702306379099-RIDE PAYMENT,6469944744563443,26/01/2025,1647.34,,-286548.0
26/01/2025,UPI-AIRTEL RECHARGE-AIRTELPREDIRECT2@AXL -UTIB0AXLUPI-994146253045-PAYMENT FROM P HONE,1987896010455854,26/01/2025,1759.57,,-288307.57
27/01/2025,UPI-CHAAPS N CURRIES-Q760293573@YBL-YESB 0YBLUPI-179149342593-PAYMENT FROM PHONE,5540892598406364,27/01/2025,207.68,,-288515.25
27/01/2025,UPI-APOLLO PHARMACIES LI-SBIPMOPAD.02PYM 351090489373-PAYMENT FROM PHONE,2255407696332720,27/01/2025,1516.25,,-290031.5
27/01/2025,UPI-MR SIDDHARTH CHHABR-Q978359493@YBL-423441522318 YESB0YBLUPI-571492525983-PAYMENT FROM PH ONE,6032303101333541,27/01/2025,37969.52,,-328001.02
27/01/2025,UPI-APOLLO PHARMACIES LI-SBIPMOPAD.02PYM 357871099369-PAYMENT FROM PHONE,9169031611993829,27/01/2025,1651.82,,-329652.84
28/01/2025,UPI-JAIN DAIRY COLDRINKS-Q888362738@YBL- YESB0YBLUPI-621662952570-PAYMENT FROM PH ONE,6805598381048751,28/01/2025,518.67,,-330171.51
28/01/2025,UPI-ZEPTO MARKETPLACE PR-ZEPTO.PAYU@AXIS BANK-UTIB0000100-245371111679-PAYMENT FR OM PHONE,8498881313464907,28/01/2025,1080.59,,-331252.1
28/01/2025,UPI-BLINKIT-BLINKIT.PAYU@HDFCBANK-HDFC0M ERUPI-226252965739-UPIINTENT,2865977035688569,28/01/2025,84.07,,-331336.17
28/01/2025,UPI-IRCTC RAIL APP-IRCTCPGONLINE@AXL-UTI B0AXLUPI-939679249000-PAYMENT FOR 100006,9909294874542524,28/01/2025,1696.28,,-333032.45
01/03/2025,UPI-NETFLIX COM-NETFLIXUPI.PAYU@HDFCBANK -HDFC0MERUPI-733019122443-MONTHLY AUTOPA Y. C,7212296168846188,01/03/2025,546.75,,-333579.2
02/03/2025,NEFT/INFOSYS LIMITED/MONTHLY SALARY,4360660975348151,02/03/2025,,85776,-247803.2
02/03/2025,UPI-SWIGGY-8026308342@HDFCBANK-HDFC0MERUP I-685406141673-SWIGGY FOOD,7151483726482117,02/03/2025,129.8,,-247933.0
02/03/2025,UPI-IRCTC RAIL APP-IRCTCPGONLINE@YBL-YES B0YBLUPI-113364659649-PAYMENT FOR 100006,9894485195791733,02/03/2025,242.62,,-248175.62
02/03/2025,UPI-FLIPKART PAYMENTS-PAYTM-73693464@PTY BL-YESB0PTMUPI-344090490684-PAYMENT FROM PHONE,7716823695277517,02/03/2025,5610.29,,-253785.91
03/03/2025,UPI-SWIGGY-9852159305@HDFCBANK-HDFC0MERUP I-686948885151-SWIGGY FOOD,7781911890584566,03/03/2025,129.37,,-253915.28
03/03/2025,UPI-BLINKIT-PAYTM-BLINKIT@PTYBL-YESB0PTM UPI-518261141402-BLINKIT PAYMENT,5540287554642809,03/03/2025,530.22,,-254445.5
03/03/2025,UPI-MS KAMAL ENTERPRISES-Q180881637@YBL BARB0INDKAT-769315587223-PAYMENT FROM PH ONE,3320105073500137,03/03/2025,1769.69,,-256215.19
03/03/2025,UPI-KALA KUNJ KOTA-VYAPAR.155807589653@H DFCBANK-HDFC0MERUPI-992083415970-PAYMENT FROM PHONE,4680934961744210,03/03/2025,11177.06,,-267392.25
03/03/2025,ACH/SBI MF/SIP/BLUECHIP FUND,1069870799022737,03/03/2025,6358.89,,-273751.14
03/03/2025,ACH/ICICI BANK/EMI/PERSONAL LOAN,3907313363087088,03/03/2025,16238.38,,-289989.52
04/03/2025,UPI-LOCAL DHABA-PAYTMQR5509336@PTYS YESB0PTMUPI-940990823231-PAYMENT FROM PHONE,2340233711447973,04/03/2025,671.92,,-290661.44
04/03/2025,UPI-SAMRIYA KIRANA STORE-VYAPAR.97751303 2694@HDFCBANK-HDFC0MERUPI-230141624009-P AYMENT FROM PHONE,4727727504471646,04/03/2025,2812.42,,-293473.86
05/03/2025,UPI-BPCL UFILL 1-PAYTMQR55400464@PAYTM-YE SB0PTMUPI-327263999349-PAYMENT FROM PHON E,1285637893505244,05/03/2025,1713.26,,-295187.12
05/03/2025,UPI-KALA KUNJ KOTA-VYAPAR.937024173932@H DFCBANK-HDFC0MERUPI-603420599061-PAYMENT FROM PHONE,6771957476444669,05/03/2025,31620.88,,-326808.0
06/03/2025,UPI-EKART-EKART@YBL-YESB0YBLUPI-67741078 3371-PAYMENT FOR REFCL5,4219583494703504,06/03/2025,6702.11,,-333510.11
06/03/2025,UPI-AVIRAL MITTAL-AVIRAL.23@YBL-SBIN003 0057-624244833350-PAYMENT FROM PHONE,5172736535087438,06/03/2025,27513.61,,-361023.72
07/03/2025,UPI-SAYUSH MITTAL-SAYUSHMITTAL52@OKHDFCB ANK-HDFC0005830-505038195653-UPI,5937036952974298,07/03/2025,,11264.77,-349758.95
08/03/2025,UPI-BLINKIT-BLINKIT.PAYU@HDFCBANK-HDFC0M ERUPI-864010160494-UPIINTENT,6363014822996096,08/03/2025,469.74,,-350228.69
09/03/2025,UPI-MR SIDDHARTH CHHABR-Q301669839@YBL-104277657699 YESB0YBLUPI-389141786852-PAYMENT FROM PH ONE,1803620296289155,09/03/2025,7221.31,,-357450.0
10/03/2025,UPI-AVIRAL MITTAL-AVIRAL.23@YBL-SBIN003 0057-384962788989-PAYMENT FROM PHONE,3179943963605191,10/03/2025,20819.69,,-378269.69
10/03/2025,UPI-AVIRAL MITTAL-AVIRAL.23@YBL-SBIN003 0057-308803454163-PAYMENT FROM PHONE,4601286802945468,10/03/2025,36161.7,,-414431.39
11/03/2025,UPI-ZOMATO LIMITED-ZOMATOFD.PAYU@HDFCBANK K-HDFC0MERUPI-602545621527-UPIINTENT,2746553240188472,11/03/2025,712.69,,-415144.08
11/03/2025,UPI-BIGBASKET-9025430362@HDFCBANK HDFC0MERUPI-477258309689-GROCERY ORDER,2858765664698872,11/03/2025,717.21,,-415861.29
11/03/2025,UPI-IRCTC RAIL APP-IRCTCPGONLINE@YBL-YES B0YBLUPI-270256601329-PAYMENT FOR 100006,9800252011662312,11/03/2025,661.58,,-416522.87
11/03/2025,UPI-TAKEUFORWARD-TAKEUFORWARD805384.RZP@ RXAIRTEL-AIRP0000011-122998039080-PAYMEN TTOTAKEUFORW,6243277528890117,11/03/2025,1759.34,,-418282.21
12/03/2025,UPI-MR PANKAJ BHAT-8202052907-2@YBL-CBI N4028207-426489377890-PAYMENT FROM PHONE,2897549356814993,12/03/2025,,38987.97,-379294.24
13/03/2025,UPI-ZERODHA-8083324753@ZERODHA,2290464750992225,13/03/2025,1446.47,,-380740.71
14/03/2025,UPI-ZOMATO LIMITED-ZOMATOFD.PAYU@HDFCBANK K-HDFC0MERUPI-696604358256-UPIINTENT,3784035524309862,14/03/2025,140.47,,-380881.18
14/03/2025,UPI-SWIGGY-9403327209@HDFCBANK-HDFC0MERUP I-531873804073-SWIGGY FOOD,2313644888508107,14/03/2025,514.27,,-381395.45
14/03/2025,UPI-NETFLIX COM-NETFLIXUPI.PAYU@HDFCBANK -HDFC0MERUPI-741996848480-MONTHLY AUTOPA Y. C,1022226029468351,14/03/2025,523.29,,-381918.74
14/03/2025,UPI-IRCTC RAIL APP-IRCTCPGONLINE@AXL-UTI B0AXLUPI-513747133072-PAYMENT FOR 100006,6807724287125675,14/03/2025,1243.78,,-383162.52
14/03/2025,UPI-MR SIDDHARTH CHHABR-Q985704776@YBL-567030081901 YESB0YBLUPI-751763986220-PAYMENT FROM PH ONE,6550169566749491,14/03/2025,27101.55,,-410264.07
14/03/2025,UPI-RAKESH KUMAR PATIDA-SURESHSINGH61-5@O KHDFCBANK-HDFC9231362-283032373631-PAYME NT FROM PHONE,6243364988204237,14/03/2025,41310.24,,-451574.31
14/03/2025,UPI-MR SIDDHARTH CHHABR-Q164439759@YBL-579587947480 YESB0YBLUPI-356316691548-PAYMENT FROM PH ONE,9729473403387486,14/03/2025,2720.47,,-454294.78
15/03/2025,UPI-SAYUSH MITTAL-SAYUSHMITTAL48@OKHDFCB ANK-HDFC0005830-492616339404-UPI,4926209815411255,15/03/2025,,5479.32,-448815.46
15/03/2025,UPI-JAIN DAIRY COLDRINKS-Q532679505@YBL- YESB0YBLUPI-270317354052-PAYMENT FROM PH ONE,9637611176135687,15/03/2025,690.61,,-449506.07
16/03/2025,UPI-OLA CABS-8907758077@PTYBL YESB0PTMUPI-836776580490-AUTO PAYMENT,7426567976492360,16/03/2025,1945.84,,-451451.91
16/03/2025,UPI-OLA CABS-8668468694@PTYBL YESB0PTMUPI-935790339387-AUTO PAYMENT,2494140458936981,16/03/2025,277.4,,-451729.31
16/03/2025,UPI-APOLLO PHARMACIES LI-SBIPMOPAD.02PYM 614546432901-PAYMENT FROM PHONE,9696863221689991,16/03/2025,953.43,,-452682.74
17/03/2025,UPI-NETFLIX COM-NETFLIXUPI.PAYU@HDFCBANK -HDFC0MERUPI-108909814033-MONTHLY AUTOPA Y. C,9756795105324276,17/03/2025,123.86,,-452806.6
17/03/2025,UPI-KALA KUNJ KOTA-VYAPAR.512905480770@H DFCBANK-HDFC0MERUPI-190947900732-PAYMENT FROM PHONE,3583073180888553,17/03/2025,6940.11,,-459746.71
17/03/2025,UPI-MAHESH KUMAR MALI-9465881819@YBL-SBI N0030057-375759689348-PAYMENT FROM PHONE,7239318719163250,17/03/2025,24165.45,,-483912.16
18/03/2025,UPI-VIJAY SHREE TRADERS-SURENDRAGOYAL19@ OKSBI-BKID0008860-549571144995-PAYMENT F ROM PHONE,6714881264433522,18/03/2025,7547.05,,-491459.21
18/03/2025,UPI-JABIR HUSAIN TAI-9755021595@YBL-SBIN 46345-284595722272-PAYMENT FROM PHONE,7662853854870878,18/03/2025,32256.0,,-523715.21
19/03/2025,UPI-OLA CABS-8055950326@PTYBL YESB0PTMUPI-795605498103-AUTO PAYMENT,1157687716630782,19/03/2025,245.32,,-523960.53
19/03/2025,UPI-DELHI WATCH ELECTR-GPAY-1475450390 88@OKBIZAXIS-UTIB0000553-186050824192-PAY MENT FROM PHONE,2703467952994588,19/03/2025,342.73,,-524303.26
19/03/2025,UPI-MEESHO TECHNOLOGIES -MEESHOONLINEPG@ AXL-UTIB0AXLUPI-697602542502-UPI INTENT,7393218155685045,19/03/2025,168.79,,-524472.05
19/03/2025,UPI-GOOGLE-PLAYSTORE1.BD@AXISBANK-UTIB00 93556-293160750391-MANDATEEXECUTE,1662907447225158,19/03/2025,1133.46,,-525605.51
19/03/2025,UPI-AIRTEL RECHARGE-AIRTELPREDIRECT1@YBL -YESB0YBLUPI-665659602426-PAYMENT FROM P HONE,2613208763630931,19/03/2025,1969.14,,-527574.65
19/03/2025,UPI-JABIR HUSAIN TAI-8694573834@YBL-SBIN 53853-677394840097-PAYMENT FROM PHONE,6345412716556426,19/03/2025,10740.33,,-538314.98
20/03/2025,UPI-GHANSHYAM GURJAR-GHANSHYAMG471@AXL 6612145-853429372604-PAYMENT FROM PH ONE,7730011125832982,20/03/2025,,4648.9,-533666.08
20/03/2025,UPI-DEVKARAN MEENA-9168068395@YBL-FINO00 91116-639498830068-PAYMENT FROM PHONE,6286959050115087,20/03/2025,,44361.99,-489304.09
20/03/2025,UPI-BLINKIT-PAYTM-BLINKIT@PTYBL-YESB0PTM UPI-376120950355-BLINKIT PAYMENT,6599403101223004,20/03/2025,628.39,,-489932.48
20/03/2025,BBPS/BESCOM/ELECTRICITY/BILL PAY,5773517357314135,20/03/2025,403.48,,-490335.96
21/03/2025,UPI-MAHESH KUMAR MALI-8989616166@YBL-SBI N0030057-994630611936-PAYMENT FROM PHONE,4160537624582483,21/03/2025,,33481.57,-456854.39
21/03/2025,UPI-M S SUPREME TRANSPOR-SUPREMETRANSPOR T290-3@OKICICI-ICIC3758552-963616367488- PAYMENT FROM PHONE,2927066460742738,21/03/2025,57.49,,-456911.88
21/03/2025,BBPS/BESCOM/ELECTRICITY/BILL PAY,9701480470912566,21/03/2025,247.85,,-457159.73
21/03/2025,UPI-SURESH KUMAR SIOTA-RAKESHSIOTA82-1@O KHDFCBANK-HDFC9035675-100565824362-PAYME NT FROM PHONE,9252702893626012,21/03/2025,30474.74,,-487634.47
22/03/2025,UPI-SAYUSH MITTAL-SAYUSHMITTAL94@OKHDFCB ANK-HDFC0005830-293964169676-UPI,6995852191957662,22/03/2025,,36816.86,-450817.61
22/03/2025,UPI-SWIGGY-7569366690@HDFCBANK-HDFC0MERUP I-562988908301-SWIGGY FOOD,6518541184226492,22/03/2025,82.45,,-450900.06
22/03/2025,UPI-ZEPTO MARKETPLACE PR-ZEPTO.PAYU@AXIS BANK-UTIB0000100-193921750086-PAYMENT FR OM PHONE,3069206513416927,22/03/2025,174.85,,-451074.91
22/03/2025,UPI-BIGBASKET-9815168068@HDFCBANK HDFC0MERUPI-672984828762-GROCERY ORDER,8029669927317372,22/03/2025,1693.49,,-452768.4
22/03/2025,UPI-UBER-9887485440@HDFCBANK HDFC0MERUPI-493921566106-RIDE PAYMENT,9106074705436443,22/03/2025,1099.51,,-453867.91
23/03/2025,UPI-MAHESH KUMAR MALI-7641180365@YBL-SBI N0030057-871272586536-PAYMENT FROM PHONE,3213960221746603,23/03/2025,,20595.74,-433272.17
23/03/2025,UPI-SAYUSH MITTAL-SAYUSHMITTAL83@OKHDFCB ANK-HDFC0005830-380065876813-UPI,6285481474686611,23/03/2025,,514.53,-432757.64
23/03/2025,UPI-DEVKARAN MEENA-9013650640@YBL-FINO00 95396-630639716299-PAYMENT FROM PHONE,1725952666603500,23/03/2025,,36451.58,-396306.06
23/03/2025,UPI-SWIGGY-9297066171@HDFCBANK-HDFC0MERUP I-405860520628-SWIGGY FOOD,8344844483854949,23/03/2025,486.46,,-396792.52
23/03/2025,UPI-JAI APPARELS-GPAY-86529360309@OKBIZA XIS-UTIB0000553-919211126131-PAYMENT FRO M PHONE,8240412422078479,23/03/2025,6117.25,,-402909.77
23/03/2025,UPI-RAJ MEDICAL STORES-GPAY-25390509991@ OKBIZAXIS-UTIB0000553-715997426884-PAYME NT FROM PHONE,6423273083935218,23/03/2025,1316.89,,-404226.66
24/03/2025,UPI-CHAAPS N CURRIES-Q180157099@YBL-YESB 0YBLUPI-133460644707-PAYMENT FROM PHONE,6256503451137304,24/03/2025,629.38,,-404856.04
24/03/2025,UPI-VIJAY JUICE POINT-PAYTM.S28559@PTY- YESB0MCHUPI-580204247495-PAYMENT FROM PH ONE,9709480883039616,24/03/2025,642.49,,-405498.53
24/03/2025,UPI-SHREERAM STATIONERY -Q23442401@YBL-B KID3239463-146696512273-PAYMENT FROM PHO NE,4262238844657644,24/03/2025,2556.85,,-408055.38
25/03/2025,UPI-RAJ MEDICAL STORES-GPAY-24109151717@ OKBIZAXIS-UTIB0000553-896180305257-PAYME NT FROM PHONE,2908071848001228,25/03/2025,1569.01,,-409624.39
25/03/2025,UPI-KWATRA-IBKPOS.EP766384@ICICI-ICIC000 9491-648976945425-PAYMENT FROM PHONE,2160193302381019,25/03/2025,4662.8,,-414287.19
25/03/2025,UPI-KALA KUNJ KOTA-VYAPAR.134296762265@H DFCBANK-HDFC0MERUPI-445651507669-PAYMENT FROM PHONE,2619160164372315,25/03/2025,29418.17,,-443705.36
26/03/2025,UPI-BPCL UFILL 5-PAYTMQR16647061@PAYTM-YE SB0PTMUPI-889836775834-PAYMENT FROM PHON E,5031804117758306,26/03/2025,1017.45,,-444722.81
26/03/2025,UPI-UBER-8517660840@HDFCBANK HDFC0MERUPI-428406850353-RIDE PAYMENT,6768087428007554,26/03/2025,1388.32,,-446111.13
26/03/2025,UPI-VIJAY SHREE TRADERS-SURENDRAGOYAL31@ OKSBI-BKID0008860-752142888325-PAYMENT F ROM PHONE,7602755850182855,26/03/2025,38640.11,,-484751.24
27/03/2025,UPI-SAMRIYA KIRANA STORE-VYAPAR.31368176 6036@HDFCBANK-HDFC0MERUPI-689561612163-P AYMENT FROM PHONE,3847415027645914,27/03/2025,636.05,,-485387.29
27/03/2025,UPI-IRCTC RAIL APP-IRCTCPGONLINE@YBL-YES B0YBLUPI-607276328730-PAYMENT FOR 100006,3592874282800046,27/03/2025,244.62,,-485631.91
27/03/2025,UPI-SHAILENDRA PRAJAPAT-PAYTM.S96411@PT Y-YESB0MCHUPI-692701975943-PAYMENT FROM PHONE,2641045930715240,27/03/2025,24564.2,,-510196.11
27/03/2025,UPI-MAHESH KUMAR MALI-7641113193@YBL-SBI N0030057-729322226170-PAYMENT FROM PHONE,3932950768667209,27/03/2025,735.96,,-510932.07
28/03/2025,UPI-JABIR HUSAIN TAI-9029394129@YBL-SBIN 43822-891867646035-PAYMENT FROM PHONE,7500584165754841,28/03/2025,29151.98,,-540084.05
28/03/2025,UPI-AVIRAL MITTAL-AVIRAL.23@YBL-SBIN003 0057-571060122773-PAYMENT FROM PHONE,6928308802315435,28/03/2025,5464.86,,-545548.91
01/04/2025,UPI-ZOMATO LIMITED-ZOMATOFD.PAYU@HDFCBANK K-HDFC0MERUPI-384128602669-UPIINTENT,8075301715523695,01/04/2025,53.44,,-545602.35
01/04/2025,UPI-RAJ MEDICAL STORES-GPAY-69271277972@ OKBIZAXIS-UTIB0000553-901139848962-PAYME NT FROM PHONE,8526862620213454,01/04/2025,1096.77,,-546699.12
01/04/2025,ACH/ICICI BANK/EMI/PERSONAL LOAN,2949458831870257,01/04/2025,9527.97,,-556227.09
02/04/2025,NEFT/INFOSYS LIMITED/MONTHLY SALARY,7182500012943107,02/04/2025,,90803,-465424.09
02/04/2025,UPI-ZEPTO MARKETPLACE PR-ZEPTOMARKETPLAC 941322.RZP@RXAXIS-UTIB0000RZP-405830942095 72-PAYMENT FROM PHONE,9572466698082779,02/04/2025,794.03,,-466218.12
02/04/2025,ACH/JIO/RECHARGE/4G PLAN,2576308806562043,02/04/2025,1021.64,,-467239.76
03/04/2025,UPI-SAYUSH MITTAL-SAYUSHMITTAL25@OKHDFCB ANK-HDFC0005830-463427417274-UPI,9828710626919248,03/04/2025,,3218.48,-464021.28
03/04/2025,UPI-MEESHO TECHNOLOGIES -MEESHOONLINEPG@ AXL-UTIB0AXLUPI-434949480963-UPI INTENT,8937093148966679,03/04/2025,6522.82,,-470544.1
03/04/2025,UPI-VIJAY SHREE TRADERS-SURENDRAGOYAL88@ OKSBI-BKID0008860-143182863109-PAYMENT F ROM PHONE,5071539891266964,03/04/2025,6134.84,,-476678.94
04/04/2025,UPI-GHANSHYAM GURJAR-GHANSHYAMG702@AXL 5523240-246962037225-PAYMENT FROM PH ONE,8160448809687533,04/04/2025,,13590.87,-463088.07
04/04/2025,UPI-SWIGGY-8057109543@HDFCBANK-HDFC0MERUP I-659766629666-SWIGGY FOOD,3593095281952230,04/04/2025,319.19,,-463407.26
04/04/2025,UPI-CHAAYOS-8095427514@HDFCBANK HDFC0MERUPI-943110898068-PAYMENT FROM PHONE,7894542774042437,04/04/2025,339.57,,-463746.83
04/04/2025,UPI-MAHESH KUMAR MALI-8492475338@YBL-SBI N0030057-671232762150-PAYMENT FROM PHONE,8373140346148329,04/04/2025,16268.83,,-480015.66
05/04/2025,UPI-MAHESH KUMAR MALI-9870499138@YBL-SBI N0030057-686126653391-PAYMENT FROM PHONE,7920318020556305,05/04/2025,,17697.82,-462317.84
05/04/2025,UPI-BLINKIT-BLINKIT.PAYU@HDFCBANK-HDFC0M ERUPI-525667495636-UPIINTENT,9929391880173324,05/04/2025,126.46,,-462444.3
05/04/2025,UPI-IRCTC RAIL APP-IRCTCPGONLINE@AXL-UTI B0AXLUPI-106255225009-PAYMENT FOR 100006,1176254142469170,05/04/2025,1656.39,,-464100.69
05/04/2025,UPI-AMAZON PAY-8102762302@AMAZON UTIB0000100-942035312738-ORDER PAYMENT,9467180698219364,05/04/2025,6226.68,,-470327.37
05/04/2025,UPI-ETISHA MITTAL-9332318987-4@AXL-UBIN0 637646-333733104124-PAYMENT FROM PHONE,7193686860721565,05/04/2025,19436.24,,-489763.61
06/04/2025,UPI-DELHI WATCH ELECTR-GPAY-5752861317 23@OKBIZAXIS-UTIB0000553-543554516766-PAY MENT FROM PHONE,2437760761873170,06/04/2025,3163.43,,-492927.04
06/04/2025,UPI-EKART-EKART2.PAYU@AXISBANK-UTIB00001 00-716418450904-UPIQR,4366885815140925,06/04/2025,236.74,,-493163.78
06/04/2025,UPI-JABIR HUSAIN TAI-7161554265@YBL-SBIN 29291-317576701274-PAYMENT FROM PHONE,1644035040865719,06/04/2025,29441.46,,-522605.24
07/04/2025,UPI-SAYUSH MITTAL-SAYUSHMITTAL60@OKHDFCB ANK-HDFC0005830-928020351830-UPI,5085755104187819,07/04/2025,,21666.62,-500938.62
07/04/2025,UPI-BLINKIT-PAYTM-BLINKIT@PTYBL-YESB0PTM UPI-250278225037-BLINKIT PAYMENT,4358964362018641,07/04/2025,382.27,,-501320.89
07/04/2025,UPI-BIGBASKET-8955815259@HDFCBANK HDFC0MERUPI-776059953530-GROCERY ORDER,4780545168317925,07/04/2025,2356.28,,-503677.17
07/04/2025,UPI-IRCTC RAIL APP-IRCTCPGONLINE@AXL-UTI B0AXLUPI-168458409347-PAYMENT FOR 100006,6987376993398810,07/04/2025,1737.05,,-505414.22
08/04/2025,UPI-ETISHA MITTAL-8001841096-1@AXL-UBIN0 252806-226074857013-PAYMENT FROM PHONE,4346711039871771,08/04/2025,1930.04,,-507344.26
09/04/2025,UPI-GHANSHYAM GURJAR-GHANSHYAMG831@AXL 8811420-124206413984-PAYMENT FROM PH ONE,8330540833850993,09/04/2025,,5060.39,-502283.87
09/04/2025,UPI-BLINKIT-PAYTM-BLINKIT@PTYBL-YESB0PTM UPI-535835095633-BLINKIT PAYMENT,6304150732163230,09/04/2025,213.6,,-502497.47
09/04/2025,UPI-UBER-9610531051@HDFCBANK HDFC0MERUPI-697948017186-RIDE PAYMENT,7900471895626028,09/04/2025,1652.92,,-504150.39
10/04/2025,UPI-MAHESH KUMAR MALI-9588187818@YBL-SBI N0030057-264906193721-PAYMENT FROM PHONE,8942281021156465,10/04/2025,,25314.28,-478836.11
10/04/2025,UPI-SHAILENDRA PRAJAPAT-PAYTM.S28249@PT Y-YESB0MCHUPI-191863849977-PAYMENT FROM PHONE,7233791830362745,10/04/2025,13997.49,,-492833.6
10/04/2025,UPI-ZERODHA-9490670634@ZERODHA,8369409822044115,10/04/2025,8804.75,,-501638.35
11/04/2025,UPI-JAI APPARELS-GPAY-36177187579@OKBIZA XIS-UTIB0000553-582508640239-PAYMENT FRO M PHONE,3562935547285106,11/04/2025,6990.01,,-508628.36
13/04/2025,UPI-RADESHYAM CHAUDHARY-DIMPALCHOUDHARY 6629@AXL-SBIN0030057-641750623926-PAYMENT T FROM PHONE,5036364850966416,13/04/2025,,4875.36,-503753.0
13/04/2025,UPI-FLIPKART PAYMENTS-PAYTM-84811281@PTY BL-YESB0PTMUPI-831502898750-EXPRESS,4908913784911010,13/04/2025,7928.97,,-511681.97
14/04/2025,UPI-IRCTC RAIL APP-IRCTCPGONLINE@YBL-YES B0YBLUPI-884806018775-PAYMENT FOR 100006,9943861051094886,14/04/2025,1638.66,,-513320.63
14/04/2025,UPI-BPCL UFILL 7-PAYTMQR23789566@PAYTM-YE SB0PTMUPI-929571145741-PAYMENT FROM PHON E,1776373190727204,14/04/2025,490.05,,-513810.68
14/04/2025,UPI-JABIR HUSAIN TAI-8459909729@YBL-SBIN 80017-107139805111-PAYMENT FROM PHONE,3051584653430379,14/04/2025,30577.23,,-544387.91
15/04/2025,UPI-AIRTEL RECHARGE-AIRTELPREDIRECT3@AXL -UTIB0AXLUPI-634658806175-PAYMENT FROM P HONE,2938206412099955,15/04/2025,1502.69,,-545890.6
16/04/2025,UPI-BLINKIT-BLINKIT.PAYU@HDFCBANK-HDFC0M ERUPI-759470296249-UPIINTENT,5187333699993213,16/04/2025,709.37,,-546599.97
16/04/2025,UPI-BLINKIT-PAYTM-BLINKIT@PTYBL-YESB0PTM UPI-140889838483-BLINKIT PAYMENT,6796388587087073,16/04/2025,779.48,,-547379.45
16/04/2025,UPI-IRCTC RAIL APP-IRCTCPGONLINE@AXL-UTI B0AXLUPI-314992196718-PAYMENT FOR 100006,3192614677747553,16/04/2025,1003.36,,-548382.81
16/04/2025,ACH/PPFAS MF/SIP/FLEXI CAP,4259968311031948,16/04/2025,3420.59,,-551803.4
17/04/2025,UPI-RADESHYAM CHAUDHARY-DIMPALCHOUDHARY 1862@AXL-SBIN0030057-822332498727-PAYMENT T FROM PHONE,9886356037896855,17/04/2025,,3669.16,-548134.24
17/04/2025,UPI-GHANSHYAM GURJAR-GHANSHYAMG432@AXL 3787708-497689054834-PAYMENT FROM PH ONE,1847971965319070,17/04/2025,,37311.99,-510822.25
17/04/2025,UPI-JAIN DAIRY COLDRINKS-Q821949978@YBL- YESB0YBLUPI-243608117561-PAYMENT FROM PH ONE,8805181670768656,17/04/2025,743.45,,-511565.7
17/04/2025,UPI-NETFLIX COM-NETFLIXUPI.PAYU@HDFCBANK -HDFC0MERUPI-616812830588-MONTHLY AUTOPA Y. C,6496543306192406,17/04/2025,660.71,,-512226.41
18/04/2025,UPI-VINOD-VINODBAGADA4@AXL-SBIN0030057-6 169783736427-PAYMENT FROM PHONE,5309393594427604,18/04/2025,,12765.47,-499460.94
18/04/2025,UPI-SAMRIYA KIRANA STORE-VYAPAR.59679944 1466@HDFCBANK-HDFC0MERUPI-403207201455-P AYMENT FROM PHONE,2360676023458777,18/04/2025,1625.83,,-501086.77
18/04/2025,UPI-KALA KUNJ KOTA-VYAPAR.950600154584@H DFCBANK-HDFC0MERUPI-417888935940-PAYMENT FROM PHONE,4853719342345967,18/04/2025,24617.69,,-525704.46
18/04/2025,UPI-SURESH KUMAR BANJARA-RAKESHSIOTA14-4@O KHDFCBANK-HDFC3300482-973565522844-PAYME NT FROM PHONE,1919063203864550,18/04/2025,14002.97,,-539707.43
19/04/2025,UPI-RADESHYAM CHAUDHARY-DIMPALCHOUDHARY 4929@AXL-SBIN0030057-297874975169-PAYMENT T FROM PHONE,7776045444876798,19/04/2025,,25360.08,-514347.35
19/04/2025,UPI-SWIGGY-9583392823@HDFCBANK-HDFC0MERUP I-247381576463-SWIGGY FOOD,7375410585673020,19/04/2025,398.4,,-514745.75
20/04/2025,UPI-OM NAMKEEN AND SNACK-Q505729925@YBL- UTIB0000553-822661273277-PAYMENT FROM PH ONE,5846433243712833,20/04/2025,415.75,,-515161.5
20/04/2025,UPI-ZEPTO MARKETPLACE PR-ZEPTO.PAYU@AXIS BANK-UTIB0000100-229942912005-PAYMENT FR OM PHONE,8386052415404935,20/04/2025,705.88,,-515867.38
21/04/2025,UPI-OM NAMKEEN AND SNACK-Q510957343@YBL- HDFC0MERUPI-482741347697-PAYMENT FROM PH ONE,8396913004148962,21/04/2025,670.73,,-516538.11
21/04/2025,UPI-ZEPTO MARKETPLACE PR-ZEPTOMARKETPLAC 375889.RZP@RXAXIS-UTIB0000RZP-628947836985 10-PAYMENT FROM PHONE,2877094290883283,21/04/2025,1431.21,,-517969.32
21/04/2025,UPI-UBER-8721823801@HDFCBANK HDFC0MERUPI-675157890866-RIDE PAYMENT,9074033403576142,21/04/2025,146.84,,-518116.16
21/04/2025,UPI-APOLLO PHARMACIES LI-SBIPMOPAD.02PYM 431623405012-PAYMENT FROM PHONE,2084396911769526,21/04/2025,1757.66,,-519873.82
22/04/2025,UPI-VINOD-VINODBAGADA8@AXL-SBIN0030057-4 963276344847-PAYMENT FROM PHONE,4952214650233822,22/04/2025,,31265.59,-488608.23
22/04/2025,UPI-ZOMATO-PAYZOMATO@HDFCBANK-HDFC0MERUP I-232381059371-PAYMENT FROM PHONE,2073198717636920,22/04/2025,361.47,,-488969.7
22/04/2025,UPI-AIRTEL RECHARGE-AIRTELPREDIRECT1@AXL -UTIB0AXLUPI-651162137185-PAYMENT FROM P HONE,3926625847595713,22/04/2025,1090.33,,-490060.03
22/04/2025,UPI-SHAILENDRA PRAJAPAT-PAYTM.S49647@PT Y-YESB0MCHUPI-610322660900-PAYMENT FROM PHONE,9255670782489150,22/04/2025,36750.65,,-526810.68
22/04/2025,UPI-MR SIDDHARTH CHHABR-Q248079516@YBL-804793682482 YESB0YBLUPI-576784287875-PAYMENT FROM PH ONE,8375641782043931,22/04/2025,4544.22,,-531354.9
23/04/2025,UPI-TAKEUFORWARD-TAKEUFORWARD351915.RZP@ RXAIRTEL-AIRP0000011-726029694549-PAYMEN TTOTAKEUFORW,2720410782891325,23/04/2025,4236.91,,-535591.81
23/04/2025,UPI-KAMLESH KUMAR SIOTA-KAMLESHPAT37-5@O KHDFCBANK-HDFC9450699-874433410310-PAYME NT FROM PHONE,2996721560193236,23/04/2025,19468.66,,-555060.47
24/04/2025,UPI-OLA CABS-8897562766@PTYBL YESB0PTMUPI-691976696253-AUTO PAYMENT,4136724494747818,24/04/2025,444.66,,-555505.13
24/04/2025,UPI-BPCL UFILL 8-PAYTMQR80316551@PAYTM-YE SB0PTMUPI-841656655822-PAYMENT FROM PHON E,2628314340019170,24/04/2025,1826.27,,-557331.4
25/04/2025,UPI-MR PANKAJ BHAT-7360570425-4@YBL-CBI N6454966-559960699148-PAYMENT FROM PHONE,2650612570635430,25/04/2025,,5493.35,-551838.05
25/04/2025,UPI-ZOMATO LIMITED-ZOMATOFD.PAYU@HDFCBANK K-HDFC0MERUPI-297891091779-UPIINTENT,2477935758239287,25/04/2025,309.13,,-552147.18
25/04/2025,UPI-ZEPTO MARKETPLACE PR-ZEPTOMARKETPLAC 575097.RZP@RXAXIS-UTIB0000RZP-800204879433 99-PAYMENT FROM PHONE,9279348702926830,25/04/2025,2536.14,,-554683.32
26/04/2025,UPI-VIJAY SHREE TRADERS-SURENDRAGOYAL26@ OKSBI-BKID0008860-962200040067-PAYMENT F ROM PHONE,4686370234796912,26/04/2025,37579.49,,-592262.81
28/04/2025,UPI-VINOD-VINODBAGADA6@AXL-SBIN0030057-5 996611760093-PAYMENT FROM PHONE,6660718342964029,28/04/2025,,24486.59,-567776.22
28/04/2025,UPI-FLIPKART PAYMENTS-PAYTM-89988250@PTY BL-YESB0PTMUPI-855458208774-PAYMENT FROM PHONE,1134033246715772,28/04/2025,331.8,,-568108.02
28/04/2025,BBPS/BESCOM/ELECTRICITY/BILL PAY,1485446168510299,28/04/2025,972.83,,-569080.85
28/04/2025,UPI-JABIR HUSAIN TAI-7497710260@YBL-SBIN 93542-342261441403-PAYMENT FROM PHONE,9356705564910282,28/04/2025,42385.77,,-611466.62
01/05/2025,NEFT/INFOSYS LIMITED/MONTHLY SALARY,7917185248296841,01/05/2025,,88214,-523252.62
01/05/2025,UPI-ZEPTO MARKETPLACE PR-ZEPTOMARKETPLAC 148913.RZP@RXAXIS-UTIB0000RZP-669228760324 76-PAYMENT FROM PHONE,9770187442055129,01/05/2025,2084.08,,-525336.7
01/05/2025,UPI-IRCTC RAIL APP-IRCTCPGONLINE@AXL-UTI B0AXLUPI-182651964577-PAYMENT FOR 100006,9691397843277407,01/05/2025,1740.05,,-527076.75
01/05/2025,UPI-MEESHO TECHNOLOGIES -MEESHOONLINEPG@ AXL-UTIB0AXLUPI-466447880369-UPI INTENT,3575234374559948,01/05/2025,6970.35,,-534047.1
01/05/2025,UPI-KWATRA-IBKPOS.EP354561@ICICI-ICIC000 3766-328108348325-PAYMENT FROM PHONE,9985880075366948,01/05/2025,1390.81,,-535437.91
01/05/2025,UPI-VINOD-VINODBAGADA2@AXL-SBIN0030057-1 709612016665-PAYMENT FROM PHONE,5286746685416945,01/05/2025,,39924.0,-495513.91
01/05/2025,UPI-ZOMATO LIMITED-ZOMATOFD.PAYU@HDFCBANK K-HDFC0MERUPI-550817206062-UPIINTENT,6194393382270017,01/05/2025,622.18,,-496136.09
02/05/2025,UPI-AIRTEL RECHARGE-AIRTELPREDIRECT1@YBL -YESB0YBLUPI-234228394959-PAYMENT FROM P HONE,7564920408767454,02/05/2025,1735.98,,-497872.07
02/05/2025,UPI-MR SIDDHARTH CHHABR-Q996827744@YBL-808758912088 YESB0YBLUPI-854777368089-PAYMENT FROM PH ONE,6622256928166583,02/05/2025,8361.29,,-506233.36
02/05/2025,UPI-MAHESH KUMAR MALI-9715108587@YBL-SBI N0030057-876397576168-PAYMENT FROM PHONE,2716991906120064,02/05/2025,,8983.36,-497250.0
02/05/2025,UPI-VIJAY JUICE POINT-PAYTM.S80669@PTY- YESB0MCHUPI-534707637191-PAYMENT FROM PH ONE,6712614880805795,02/05/2025,611.62,,-497861.62
03/05/2025,UPI-SAYUSH MITTAL-SAYUSHMITTAL36@OKHDFCB ANK-HDFC0005830-135721173095-UPI,5658779322328037,03/05/2025,,28710.18,-469151.44
03/05/2025,UPI-OLA CABS-9111054308@PTYBL YESB0PTMUPI-304612248477-AUTO PAYMENT,6071702004921825,03/05/2025,290.74,,-469442.18
03/05/2025,UPI-ETISHA MITTAL-9990673004-4@AXL-UBIN0 532709-879781483494-PAYMENT FROM PHONE,8834416545992951,03/05/2025,34854.33,,-504296.51
03/05/2025,UPI-SHAILENDRA PRAJAPAT-PAYTM.S35534@PT Y-YESB0MCHUPI-278592115706-PAYMENT FROM PHONE,6854274302381314,03/05/2025,11781.79,,-516078.3
03/05/2025,UPI-MR SIDDHARTH CHHABR-Q401534802@YBL-875799510441 YESB0YBLUPI-804690233041-PAYMENT FROM PH ONE,8908665428687516,03/05/2025,33379.96,,-549458.26
03/05/2025,NEFT/INFOSYS LIMITED/MONTHLY SALARY,3506121904728817,03/05/2025,,86033,-463425.26
03/05/2025,UPI-BLINKIT-BLINKIT.PAYU@HDFCBANK-HDFC0M ERUPI-853548439783-UPIINTENT,9805954538055034,03/05/2025,313.68,,-463738.94
03/05/2025,UPI-TAKEUFORWARD-TAKEUFORWARD221865.RZP@ RXAIRTEL-AIRP0000011-613275894069-PAYMEN TTOTAKEUFORW,2504384680460429,03/05/2025,2965.18,,-466704.12
03/05/2025,UPI-JABIR HUSAIN TAI-7546524824@YBL-SBIN 28675-505187562910-PAYMENT FROM PHONE,7231806059109327,03/05/2025,6273.55,,-472977.67
03/05/2025,UPI-KALA KUNJ KOTA-VYAPAR.638930252908@H DFCBANK-HDFC0MERUPI-977241645637-PAYMENT FROM PHONE,2293957047253892,03/05/2025,20777.18,,-493754.85
04/05/2025,UPI-NETFLIX COM-NETFLIXUPI.PAYU@HDFCBANK -HDFC0MERUPI-201192300309-MONTHLY AUTOPA Y. C,5259183930426237,04/05/2025,754.73,,-494509.58
04/05/2025,UPI-IRCTC RAIL APP-IRCTCPGONLINE@YBL-YES B0YBLUPI-964003323573-PAYMENT FOR 100006,8146429407911502,04/05/2025,176.31,,-494685.89
04/05/2025,UPI-MEESHO TECHNOLOGIES -MEESHOONLINEPG@ AXL-UTIB0AXLUPI-830851131815-UPI INTENT,5379535011185602,04/05/2025,1699.87,,-496385.76
04/05/2025,UPI-MSBHUMI JUNCTION NX-EAZYPAY.ZKIAW81A 9SND4LR@ICICI-ICIC0DC0099-320045484201-P AYMENT FROM PHONE,9598242713273184,04/05/2025,1088.8,,-497474.56
04/05/2025,UPI-RAKSHA NYATI-Q373954635@YBL-YESB0YBL UPI-524413742633-PAYMENT FROM PHONE,9436304605985631,04/05/2025,671.08,,-498145.64
04/05/2025,UPI-AVIRAL MITTAL-AVIRAL.23@YBL-SBIN003 0057-531425718658-PAYMENT FROM PHONE,8675779575435492,04/05/2025,31440.52,,-529586.16
04/05/2025,ACH/SBI MF/SIP/BLUECHIP FUND,2669920397793784,04/05/2025,9899.98,,-539486.14
04/05/2025,UPI-MR PANKAJ BHAT-9172933884-4@YBL-CBI N1083377-260713407304-PAYMENT FROM PHONE,3581106491300084,04/05/2025,,29949.06,-509537.08
04/05/2025,UPI-ZOMATO-PAYZOMATO@HDFCBANK-HDFC0MERUP I-228731201987-PAYMENT FROM PHONE,1133059826246858,04/05/2025,375.73,,-509912.81
04/05/2025,UPI-DELHI WATCH ELECTR-GPAY-1643078586 62@OKBIZAXIS-UTIB0000553-203847523590-PAY MENT FROM PHONE,4462919977296741,04/05/2025,5970.88,,-515883.69
04/05/2025,UPI-SHREERAM STATIONERY -Q55974777@YBL-B KID9565613-547117719391-PAYMENT FROM PHO NE,8346351653316799,04/05/2025,3490.66,,-519374.35
04/05/2025,UPI-SHAILENDRA PRAJAPAT-PAYTM.S91135@PT Y-YESB0MCHUPI-718496499110-PAYMENT FROM PHONE,6647409304326860,04/05/2025,2450.91,,-521825.26
04/05/2025,UPI-MAHESH KUMAR MALI-8610169362@YBL-SBI N0030057-495258178786-PAYMENT FROM PHONE,9496669113411764,04/05/2025,6546.06,,-528371.32
05/05/2025,UPI-BLINKIT-PAYTM-BLINKIT@PTYBL-YESB0PTM UPI-368279175696-BLINKIT PAYMENT,8936864495938791,05/05/2025,309.76,,-528681.08
05/05/2025,UPI-BLINKIT-PAYTM-BLINKIT@PTYBL-YESB0PTM UPI-212794453775-BLINKIT PAYMENT,3861549201391035,05/05/2025,695.31,,-529376.39
05/05/2025,UPI-IRCTC RAIL APP-IRCTCPGONLINE@AXL-UTI B0AXLUPI-293705955940-PAYMENT FOR 100006,7341143342064703,05/05/2025,1361.84,,-530738.23
05/05/2025,UPI-RADESHYAM CHAUDHARY-DIMPALCHOUDHARY 3097@AXL-SBIN0030057-345744231849-PAYMENT T FROM PHONE,6891804575347617,05/05/2025,,18891.52,-511846.71
05/05/2025,UPI-OM NAMKEEN AND SNACK-Q357303601@YBL- BARB0INDKAT-702961944769-PAYMENT FROM PH ONE,5718949195306875,05/05/2025,795.11,,-512641.82
05/05/2025,UPI-ZEPTO MARKETPLACE PR-ZEPTOMARKETPLAC 337642.RZP@RXAXIS-UTIB0000RZP-490739513023 26-PAYMENT FROM PHONE,7474961190695130,05/05/2025,1003.1,,-513644.92
05/05/2025,UPI-ETISHA MITTAL-9226665556-5@AXL-UBIN0 712435-603816503000-PAYMENT FROM PHONE,7139624474937058,05/05/2025,43931.05,,-557575.97
06/05/2025,UPI-MAHESH KUMAR MALI-9541591429@YBL-SBI N0030057-987218139217-PAYMENT FROM PHONE,3871143168481212,06/05/2025,,25208.72,-532367.25
06/05/2025,UPI-SWIGGY-7672978639@HDFCBANK-HDFC0MERUP I-626020979184-SWIGGY FOOD,4060180560492687,06/05/2025,749.69,,-533116.94
06/05/2025,UPI-DINESH KUMAR PATIDA-SURESHSINGH25-2@O KHDFCBANK-HDFC9433447-448356079088-PAYME NT FROM PHONE,4784600745033778,06/05/2025,30906.2,,-564023.14
06/05/2025,UPI-MR PANKAJ BHAT-7720816730-4@YBL-CBI N2038408-127424643630-PAYMENT FROM PHONE,6455858556211343,06/05/2025,,18227.05,-545796.09
06/05/2025,UPI-JAIN DAIRY COLDRINKS-Q689204557@YBL- YESB0YBLUPI-500477815186-PAYMENT FROM PH ONE,7250850300767221,06/05/2025,655.56,,-546451.65
06/05/2025,ACH/JIO/RECHARGE/4G PLAN,2191555453966407,06/05/2025,831.07,,-547282.72
06/05/2025,BBPS/BESCOM/ELECTRICITY/BILL PAY,1751132507788863,06/05/2025,1450.57,,-548733.29
06/05/2025,UPI-KALA KUNJ KOTA-VYAPAR.442632165120@H DFCBANK-HDFC0MERUPI-297357379611-PAYMENT FROM PHONE,7860292738033000,06/05/2025,23935.18,,-572668.47
07/05/2025,UPI-ZOMATO LIMITED-ZOMATOFD.PAYU@HDFCBANK K-HDFC0MERUPI-566902306057-UPIINTENT,9900859679994286,07/05/2025,679.89,,-573348.36
07/05/2025,UPI-BPCL UFILL 4-PAYTMQR46208610@PAYTM-YE SB0PTMUPI-454641747379-PAYMENT FROM PHON E,3472707081716386,07/05/2025,579.76,,-573928.12
07/05/2025,UPI-UBER-8031130343@HDFCBANK HDFC0MERUPI-279840209546-RIDE PAYMENT,6965997942139572,07/05/2025,1902.03,,-575830.15
07/05/2025,UPI-VIJAY SHREE TRADERS-SURENDRAGOYAL25@ OKSBI-BKID0008860-389537267030-PAYMENT F ROM PHONE,7722618055766824,07/05/2025,22383.39,,-598213.54
08/05/2025,UPI-MR PANKAJ BHAT-8061293253-1@YBL-CBI N3132686-322285582523-PAYMENT FROM PHONE,6733017126366190,08/05/2025,,33423.26,-564790.28
08/05/2025,UPI-MAHESH KUMAR MALI-9228277997@YBL-SBI N0030057-185540777741-PAYMENT FROM PHONE,1281124557872777,08/05/2025,,27564.96,-537225.32
08/05/2025,UPI-SWIGGY-7874667922@HDFCBANK-HDFC0MERUP I-803446934035-SWIGGY FOOD,8399343770941876,08/05/2025,532.52,,-537757.84
08/05/2025,UPI-EKART-EKART2.PAYU@AXISBANK-UTIB00001 00-120284131798-UPIQR,5916752129512108,08/05/2025,2744.78,,-540502.62
08/05/2025,UPI-MAHESH KUMAR MALI-8764616914@YBL-SBI N0030057-756673308859-PAYMENT FROM PHONE,5403555971708961,08/05/2025,24022.51,,-564525.13
08/05/2025,UPI-ZEPTO MARKETPLACE PR-ZEPTOMARKETPLAC 846302.RZP@RXAXIS-UTIB0000RZP-997189760659 40-PAYMENT FROM PHONE,3219559946911401,08/05/2025,1371.02,,-565896.15
08/05/2025,UPI-EKART-EKART@YBL-YESB0YBLUPI-63782801 4696-PAYMENT FOR REFCL6,2145256967808439,08/05/2025,7903.25,,-573799.4
08/05/2025,UPI-MAHESH KUMAR MALI-7962466764@YBL-SBI N0030057-351697480029-PAYMENT FROM PHONE,3902261016844700,08/05/2025,4359.55,,-578158.95
09/05/2025,UPI-NETFLIX COM-NETFLIXUPI.PAYU@HDFCBANK -HDFC0MERUPI-216129399322-MONTHLY AUTOPA Y. C,3662598183910799,09/05/2025,409.04,,-578567.99
09/05/2025,UPI-ZOMATO LIMITED-ZOMATOFD.PAYU@HDFCBANK K-HDFC0MERUPI-461115585364-UPIINTENT,5578994727392864,09/05/2025,730.53,,-579298.52
09/05/2025,UPI-ETISHA MITTAL-8395275072-5@AXL-UBIN0 209095-613676563011-PAYMENT FROM PHONE,7244829481302692,09/05/2025,22665.93,,-601964.45
09/05/2025,UPI-BLINKIT-BLINKIT.PAYU@HDFCBANK-HDFC0M ERUPI-345810966652-UPIINTENT,6052800956931305,09/05/2025,621.82,,-602586.27
10/05/2025,UPI-M S SUPREME TRANSPOR-SUPREMETRANSPOR T223-9@OKICICI-ICIC3111177-912931201407- PAYMENT FROM PHONE,5408531916585661,10/05/2025,1983.38,,-604569.65
10/05/2025,UPI-JABIR HUSAIN TAI-8604996392@YBL-SBIN 38987-975013180499-PAYMENT FROM PHONE,3268722887805242,10/05/2025,28003.13,,-632572.78
11/05/2025,UPI-GHANSHYAM GURJAR-GHANSHYAMG206@AXL 4709577-190071004177-PAYMENT FROM PH ONE,4135620203956495,11/05/2025,,42389.45,-590183.33
11/05/2025,UPI-MR PANKAJ BHAT-7016778860-5@YBL-CBI N3014929-565562566549-PAYMENT FROM PHONE,6925666883411357,11/05/2025,,12345.85,-577837.48
11/05/2025,UPI-BLINKIT-PAYTM-BLINKIT@PTYBL-YESB0PTM UPI-975555089500-BLINKIT PAYMENT,1344548325793566,11/05/2025,540.13,,-578377.61
11/05/2025,UPI-SWIGGY-7728179922@HDFCBANK-HDFC0MERUP I-921493390402-SWIGGY FOOD,2624601810552305,11/05/2025,608.88,,-578986.49
11/05/2025,UPI-RAVI CARPENTER-9349054385@YBL-SBIN0 93080-876773522429-PAYMENT FROM PHONE,6837549611154356,11/05/2025,1993.53,,-580980.02
11/05/2025,UPI-FLIPKART PAYMENTS-PAYTM-73227556@PTY BL-YESB0PTMUPI-700605672251-PAYMENT FROM PHONE,1248998095952489,11/05/2025,4073.51,,-585053.53
11/05/2025,UPI-KALA KUNJ KOTA-VYAPAR.307442055867@H DFCBANK-HDFC0MERUPI-657051099354-PAYMENT FROM PHONE,2046488397557844,11/05/2025,13137.34,,-598190.87
11/05/2025,UPI-BPCL UFILL 4-PAYTMQR83977005@PAYTM-YE SB0PTMUPI-629438941858-PAYMENT FROM PHON E,1529367539525452,11/05/2025,1730.38,,-599921.25
12/05/2025,UPI-RACHANA RAWAT-674155398R@AXL-FINO00 40001-877058870748-PAYMENT FROM PHONE,5149116233981359,12/05/2025,,15373.74,-584547.51
12/05/2025,UPI-VINOD-VINODBAGADA7@AXL-SBIN0030057-3 266891890830-PAYMENT FROM PHONE,2028377245910176,12/05/2025,,34812.42,-549735.09
12/05/2025,UPI-NETFLIX COM-NETFLIXUPI.PAYU@HDFCBANK -HDFC0MERUPI-412417687792-MONTHLY AUTOPA Y. C,8575430695749567,12/05/2025,285.53,,-550020.62
12/05/2025,UPI-BIGBASKET-9375548402@HDFCBANK HDFC0MERUPI-976038314050-GROCERY ORDER,6907052284792204,12/05/2025,235.42,,-550256.04
12/05/2025,UPI-KALA KUNJ KOTA-VYAPAR.460361191148@H DFCBANK-HDFC0MERUPI-230083814823-PAYMENT FROM PHONE,4464599969192722,12/05/2025,38759.75,,-589015.79
12/05/2025,UPI-RADESHYAM CHAUDHARY-DIMPALCHOUDHARY 8971@AXL-SBIN0030057-455100214639-PAYMENT T FROM PHONE,5331324149589280,12/05/2025,,19837.28,-569178.51
12/05/2025,UPI-BPCL UFILL 3-PAYTMQR92324445@PAYTM-YE SB0PTMUPI-749263292815-PAYMENT FROM PHON E,2515691320894493,12/05/2025,1156.48,,-570334.99
12/05/2025,UPI-BPCL UFILL 5-PAYTMQR20116117@PAYTM-YE SB0PTMUPI-390253163153-PAYMENT FROM PHON E,6823131093689622,12/05/2025,1914.78,,-572249.77
12/05/2025,ACH/PPFAS MF/SIP/FLEXI CAP,5324470116225155,12/05/2025,6891.4,,-579141.17
13/05/2025,UPI-M S SUPREME TRANSPOR-SUPREMETRANSPOR T252-6@OKICICI-ICIC7981244-911842008367- PAYMENT FROM PHONE,4770882300255526,13/05/2025,255.33,,-579396.5
13/05/2025,UPI-GOOGLE-PLAYSTORE1.BD@AXISBANK-UTIB00 19687-613291330114-MANDATEEXECUTE,6443233841749650,13/05/2025,1989.78,,-581386.28
13/05/2025,UPI-TAKEUFORWARD-TAKEUFORWARD583223.RZP@ RXAIRTEL-AIRP0000011-506800435925-PAYMEN TTOTAKEUFORW,9977513669464544,13/05/2025,2966.68,,-584352.96
13/05/2025,UPI-BIGBASKET-8819992213@HDFCBANK HDFC0MERUPI-533665066572-GROCERY ORDER,3355110835019694,13/05/2025,385.16,,-584738.12
13/05/2025,UPI-IRCTC RAIL APP-IRCTCPGONLINE@AXL-UTI B0AXLUPI-793152455918-PAYMENT FOR 100006,3612515423369496,13/05/2025,195.93,,-584934.05
13/05/2025,UPI-OLA CABS-9327664795@PTYBL YESB0PTMUPI-761046640332-AUTO PAYMENT,2738368365946683,13/05/2025,888.86,,-585822.91
14/05/2025,UPI-SAYUSH MITTAL-SAYUSHMITTAL77@OKHDFCB ANK-HDFC0005830-849874107369-UPI,8921869783345415,14/05/2025,,43436.86,-542386.05
14/05/2025,UPI-FLIPKART PAYMENTS-PAYTM-70072398@PTY BL-YESB0PTMUPI-781582911059-EXPRESS,8178512474543506,14/05/2025,1625.8,,-544011.85
14/05/2025,UPI-GOOGLE-PLAYSTORE1.BD@AXISBANK-UTIB00 33064-143547058609-MANDATEEXECUTE,7773126793252330,14/05/2025,1528.73,,-545540.58
14/05/2025,UPI-VINOD-VINODBAGADA9@AXL-SBIN0030057-4 953187479849-PAYMENT FROM PHONE,3851708140956463,14/05/2025,,23895.48,-521645.1
14/05/2025,UPI-ZOMATO-PAYZOMATO@HDFCBANK-HDFC0MERUP I-110039403047-PAYMENT FROM PHONE,7915335335154830,14/05/2025,245.62,,-521890.72
14/05/2025,UPI-OLA CABS-9220492799@PTYBL YESB0PTMUPI-876056829151-AUTO PAYMENT,2358347628893501,14/05/2025,1026.64,,-522917.36
14/05/2025,UPI-IRCTC RAIL APP-IRCTCPGONLINE@YBL-YES B0YBLUPI-372771633254-PAYMENT FOR 100006,4554151301488718,14/05/2025,1175.29,,-524092.65
15/05/2025,UPI-RADESHYAM CHAUDHARY-DIMPALCHOUDHARY 1933@AXL-SBIN0030057-161943178045-PAYMENT T FROM PHONE,6872907872073000,15/05/2025,,35688.17,-488404.48
15/05/2025,UPI-SWIGGY-9056529699@HDFCBANK-HDFC0MERUP I-386899209175-SWIGGY FOOD,4054642261514214,15/05/2025,504.37,,-488908.85
15/05/2025,UPI-ZOMATO-PAYZOMATO@HDFCBANK-HDFC0MERUP I-169944145387-PAYMENT FROM PHONE,4865523121235435,15/05/2025,708.5,,-489617.35
15/05/2025,UPI-AVIRAL MITTAL-AVIRAL.23@YBL-SBIN003 0057-379146690296-PAYMENT FROM PHONE,3292223809311252,15/05/2025,41961.43,,-531578.78
15/05/2025,UPI-ETISHA MITTAL-7658608488-3@AXL-UBIN0 864313-233967193763-PAYMENT FROM PHONE,8754289958448176,15/05/2025,31303.82,,-562882.6
16/05/2025,UPI-RADESHYAM CHAUDHARY-DIMPALCHOUDHARY 6098@AXL-SBIN0030057-774894938265-PAYMENT T FROM PHONE,1862517984576408,16/05/2025,,42701.68,-520180.92
16/05/2025,UPI-ZEPTO MARKETPLACE PR-ZEPTO.PAYU@AXIS BANK-UTIB0000100-922654223677-PAYMENT FR OM PHONE,2849277570602344,16/05/2025,538.13,,-520719.05
16/05/2025,UPI-BIGBASKET-7492143012@HDFCBANK HDFC0MERUPI-857300741372-GROCERY ORDER,8341203100362234,16/05/2025,836.26,,-521555.31
16/05/2025,UPI-OLA CABS-9776154329@PTYBL YESB0PTMUPI-219242304764-AUTO PAYMENT,6923306114912364,16/05/2025,647.09,,-522202.4
16/05/2025,UPI-AMAZON PAY-8655098540@AMAZON UTIB0000100-121690165833-ORDER PAYMENT,9957766279351317,16/05/2025,6444.43,,-528646.83
16/05/2025,UPI-RAKSHA NYATI-Q975323755@YBL-YESB0YBL UPI-212986564662-PAYMENT FROM PHONE,8020188106027501,16/05/2025,101.49,,-528748.32
17/05/2025,UPI-SAYUSH MITTAL-SAYUSHMITTAL21@OKHDFCB ANK-HDFC0005830-747899640117-UPI,3907450411120583,17/05/2025,,13498.25,-515250.07
17/05/2025,UPI-MR PANKAJ BHAT-7754726879-5@YBL-CBI N8345305-292613196833-PAYMENT FROM PHONE,9595920939136125,17/05/2025,,30159.52,-485090.55
17/05/2025,UPI-SAYUSH MITTAL-SAYUSHMITTAL53@OKHDFCB ANK-HDFC0005830-221627451742-UPI,1965486453657044,17/05/2025,,12241.79,-472848.76
17/05/2025,UPI-RADESHYAM CHAUDHARY-DIMPALCHOUDHARY 2426@AXL-SBIN0030057-733090727433-PAYMENT T FROM PHONE,1979848055950588,17/05/2025,,19119.48,-453729.28
18/05/2025,UPI-ZEPTO MARKETPLACE PR-ZEPTO.PAYU@AXIS BANK-UTIB0000100-405857898804-PAYMENT FR OM PHONE,6878605595218968,18/05/2025,1693.85,,-455423.13
18/05/2025,UPI-JAIN GENERAL AND STA-Q964214765@YBL- YESB0YBLUPI-605793706427-PAYMENT FROM PH ONE,7836542888101999,18/05/2025,762.26,,-456185.39
18/05/2025,UPI-OLA CABS-7333978866@PTYBL YESB0PTMUPI-756371046862-AUTO PAYMENT,1798355877639837,18/05/2025,480.44,,-456665.83
18/05/2025,UPI-FLIPKART PAYMENTS-PAYTM-36238510@PTY BL-YESB0PTMUPI-621799939487-PAYMENT FROM PHONE,8558514065531081,18/05/2025,7283.6,,-463949.43
18/05/2025,UPI-KWATRA-IBKPOS.EP147717@ICICI-ICIC000 6912-609214453702-PAYMENT FROM PHONE,6306410694649750,18/05/2025,22007.95,,-485957.38
18/05/2025,UPI-VINOD-VINODBAGADA8@AXL-SBIN0030057-3 696947224053-PAYMENT FROM PHONE,9345593612836521,18/05/2025,,34656.12,-451301.26
18/05/2025,UPI-DEVKARAN MEENA-9129052439@YBL-FINO00 99334-924268664025-PAYMENT FROM PHONE,5286292257273093,18/05/2025,,35831.04,-415470.22
18/05/2025,UPI-AMAZON PAY-8631247126@AMAZON UTIB0000100-525291200060-ORDER PAYMENT,9285713157353305,18/05/2025,6782.1,,-422252.32
19/05/2025,UPI-MAHESH KUMAR MALI-7492200171@YBL-SBI N0030057-766672447661-PAYMENT FROM PHONE,9756455582816008,19/05/2025,,41372.98,-380879.34
19/05/2025,UPI-MAHESH KUMAR MALI-9364053918@YBL-SBI N0030057-116782387003-PAYMENT FROM PHONE,5278386493657318,19/05/2025,,4447.08,-376432.26
19/05/2025,UPI-KWATRA-IBKPOS.EP679398@ICICI-ICIC000 1315-929610248040-PAYMENT FROM PHONE,2838911971392030,19/05/2025,12639.04,,-389071.3
19/05/2025,UPI-MAHESH KUMAR MALI-7410739117@YBL-SBI N0030057-446525025054-PAYMENT FROM PHONE,6103673720891686,19/05/2025,9530.43,,-398601.73
19/05/2025,UPI-ZOMATO LIMITED-ZOMATOFD.PAYU@HDFCBANK K-HDFC0MERUPI-171515774622-UPIINTENT,6292891368580227,19/05/2025,254.62,,-398856.35
19/05/2025,UPI-MS KAMAL ENTERPRISES-Q218073366@YBL YESB0MCHUPI-699573520627-PAYMENT FROM PH ONE,3365313893260430,19/05/2025,672.11,,-399528.46
19/05/2025,UPI-FLIPKART PAYMENTS-PAYTM-24231109@PTY BL-YESB0PTMUPI-902259011883-PAYMENT FROM PHONE,6450086579891343,19/05/2025,7195.51,,-406723.97
19/05/2025,UPI-KWATRA-IBKPOS.EP330991@ICICI-ICIC000 5866-255201803354-PAYMENT FROM PHONE,2449059335335391,19/05/2025,20305.68,,-427029.65
20/05/2025,UPI-RACHANA RAWAT-635949284R@AXL-FINO00 30001-228599285884-PAYMENT FROM PHONE,1450620008652700,20/05/2025,,43617.95,-383411.7
20/05/2025,UPI-ZEPTO MARKETPLACE PR-ZEPTO.PAYU@AXIS BANK-UTIB0000100-896829075351-PAYMENT FR OM PHONE,9397635506112173,20/05/2025,1466.37,,-384878.07
20/05/2025,UPI-IRCTC RAIL APP-IRCTCPGONLINE@AXL-UTI B0AXLUPI-830553939552-PAYMENT FOR 100006,8436584130592253,20/05/2025,302.81,,-385180.88
20/05/2025,UPI-VIJAY SHREE TRADERS-SURENDRAGOYAL58@ OKSBI-BKID0008860-711312227153-PAYMENT F ROM PHONE,8117713633546388,20/05/2025,7924.18,,-393105.06
20/05/2025,UPI-KWATRA-IBKPOS.EP655748@ICICI-ICIC000 1964-827422359397-PAYMENT FROM PHONE,5979006931742713,20/05/2025,12444.91,,-405549.97
20/05/2025,UPI-KALA KUNJ KOTA-VYAPAR.155469432464@H DFCBANK-HDFC0MERUPI-561947653017-PAYMENT FROM PHONE,9635018232139222,20/05/2025,19395.1,,-424945.07
20/05/2025,UPI-RACHANA RAWAT-807700640R@AXL-FINO00 20001-105119130188-PAYMENT FROM PHONE,4454271124632383,20/05/2025,,7170.84,-417774.23
20/05/2025,UPI-BLINKIT-BLINKIT.PAYU@HDFCBANK-HDFC0M ERUPI-517290434884-UPIINTENT,1165437482545366,20/05/2025,679.54,,-418453.77
20/05/2025,UPI-FLIPKART PAYMENTS-PAYTM-19192086@PTY BL-YESB0PTMUPI-532725068838-PAYMENT FROM PHONE,9951894629159356,20/05/2025,4753.55,,-423207.32
20/05/2025,UPI-APOLLO PHARMACIES LI-SBIPMOPAD.02PYM 739859391055-PAYMENT FROM PHONE,2804929948496916,20/05/2025,910.02,,-424117.34
21/05/2025,UPI-ZOMATO LIMITED-ZOMATOFD.PAYU@HDFCBANK K-HDFC0MERUPI-165685583169-UPIINTENT,1372329079439839,21/05/2025,705.95,,-424823.29
21/05/2025,UPI-BLINKIT-PAYTM-BLINKIT@PTYBL-YESB0PTM UPI-749691707216-BLINKIT PAYMENT,8717066128259872,21/05/2025,628.87,,-425452.16
21/05/2025,UPI-GHANSHYAM GURJAR-GHANSHYAMG664@AXL 9735892-684283643021-PAYMENT FROM PH ONE,7618057274249938,21/05/2025,,17870.98,-407581.18
21/05/2025,UPI-MR PANKAJ BHAT-9189595825-4@YBL-CBI N5427585-527464433416-PAYMENT FROM PHONE,7041731620300235,21/05/2025,,25435.75,-382145.43
21/05/2025,UPI-SHAILENDRA PRAJAPAT-PAYTM.S10576@PT Y-YESB0MCHUPI-207394967812-PAYMENT FROM PHONE,2714493594493246,21/05/2025,30016.05,,-412161.48
22/05/2025,UPI-GHANSHYAM GURJAR-GHANSHYAMG725@AXL 8842452-959725604031-PAYMENT FROM PH ONE,7821427690254945,22/05/2025,,13663.68,-398497.8
22/05/2025,UPI-ZOMATO-PAYZOMATO@HDFCBANK-HDFC0MERUP I-225143736248-PAYMENT FROM PHONE,8490145262672084,22/05/2025,440.74,,-398938.54
22/05/2025,UPI-BPCL UFILL 5-PAYTMQR58061653@PAYTM-YE SB0PTMUPI-989333553362-PAYMENT FROM PHON E,2404933429331617,22/05/2025,1437.59,,-400376.13
22/05/2025,UPI-KALA KUNJ KOTA-VYAPAR.876283730493@H DFCBANK-HDFC0MERUPI-222158850134-PAYMENT FROM PHONE,3463150207313113,22/05/2025,31962.94,,-432339.07
22/05/2025,UPI-RADESHYAM CHAUDHARY-DIMPALCHOUDHARY 7825@AXL-SBIN0030057-704947379707-PAYMENT T FROM PHONE,8401991975632037,22/05/2025,,17638.96,-414700.11
22/05/2025,UPI-RADESHYAM CHAUDHARY-DIMPALCHOUDHARY 6583@AXL-SBIN0030057-479949379649-PAYMENT T FROM PHONE,8874758759848676,22/05/2025,,12298.46,-402401.65
22/05/2025,UPI-JABIR HUSAIN TAI-8578191976@YBL-SBIN 94198-253433585764-PAYMENT FROM PHONE,7258727194956131,22/05/2025,19349.04,,-421750.69
22/05/2025,UPI-JABIR HUSAIN TAI-8429135707@YBL-SBIN 58983-946176687194-PAYMENT FROM PHONE,6690030927843812,22/05/2025,38335.3,,-460085.99
23/05/2025,UPI-RACHANA RAWAT-379314437R@AXL-FINO00 50001-419067670453-PAYMENT FROM PHONE,1544966224357935,23/05/2025,,2125.45,-457960.54
23/05/2025,UPI-BLINKIT-BLINKIT.PAYU@HDFCBANK-HDFC0M ERUPI-695007527997-UPIINTENT,1475963208421886,23/05/2025,109.72,,-458070.26
23/05/2025,UPI-SHAILENDRA PRAJAPAT-PAYTM.S81954@PT Y-YESB0MCHUPI-469156375308-PAYMENT FROM PHONE,2703697616171462,23/05/2025,20397.67,,-478467.93
23/05/2025,UPI-DHOLPUR GAJAK AND BA-PAYTMQR3218809@P TYS-YESB0PTMUPI-307548839779-PAYMENT FRO M PHONE,4678717189961874,23/05/2025,91.78,,-478559.71
23/05/2025,UPI-AIRTEL RECHARGE-AIRTELPREDIRECT1@AXL -UTIB0AXLUPI-985624802617-PAYMENT FROM P HONE,5492597683986395,23/05/2025,1664.32,,-480224.03
24/05/2025,UPI-DEVKARAN MEENA-9163527637@YBL-FINO00 73380-994673967622-PAYMENT FROM PHONE,6810112100459852,24/05/2025,,29721.94,-450502.09
24/05/2025,UPI-BLINKIT-PAYTM-BLINKIT@PTYBL-YESB0PTM UPI-261729487907-BLINKIT PAYMENT,7519802395091980,24/05/2025,2883.02,,-453385.11
24/05/2025,UPI-OLA CABS-8726407858@PTYBL YESB0PTMUPI-319890898848-AUTO PAYMENT,4804463697966848,24/05/2025,1605.57,,-454990.68
24/05/2025,UPI-MR SIDDHARTH CHHABR-Q262769381@YBL-772947894650 YESB0YBLUPI-735034567037-PAYMENT FROM PH ONE,5416500134486844,24/05/2025,12217.13,,-467207.81
24/05/2025,UPI-KWATRA-IBKPOS.EP788841@ICICI-ICIC000 3943-794353896451-PAYMENT FROM PHONE,9355177388065716,24/05/2025,1953.57,,-469161.38
25/05/2025,UPI-BLINKIT-PAYTM-BLINKIT@PTYBL-YESB0PTM UPI-239353391976-BLINKIT PAYMENT,5449593734866099,25/05/2025,581.9,,-469743.28
25/05/2025,UPI-AMAZON PAY-7897489645@AMAZON UTIB0000100-726956620134-ORDER PAYMENT,8273820088714729,25/05/2025,7205.69,,-476948.97
25/05/2025,UPI-SHREERAM STATIONERY -Q81915687@YBL-B KID9426263-278475336065-PAYMENT FROM PHO NE,3735112272083817,25/05/2025,2078.55,,-479027.52
25/05/2025,UPI-VIJAY SHREE TRADERS-SURENDRAGOYAL14@ OKSBI-BKID0008860-433718139693-PAYMENT F ROM PHONE,4091309889520058,25/05/2025,30575.03,,-509602.55
25/05/2025,UPI-VIJAY JUICE POINT-PAYTM.S75956@PTY- YESB0MCHUPI-562150075995-PAYMENT FROM PH ONE,6601748368726168,25/05/2025,629.12,,-510231.67
25/05/2025,UPI-BLINKIT-PAYTM-BLINKIT@PTYBL-YESB0PTM UPI-844233656211-BLINKIT PAYMENT,1153921877339819,25/05/2025,238.44,,-510470.11
25/05/2025,UPI-AMAZON PAY-7704110347@AMAZON UTIB0000100-358113929678-ORDER PAYMENT,5981117510537534,25/05/2025,1070.98,,-511541.09
25/05/2025,BBPS/BESCOM/ELECTRICITY/BILL PAY,3531824464521044,25/05/2025,841.11,,-512382.2
26/05/2025,UPI-MAHESH KUMAR MALI-7394587526@YBL-SBI N0030057-960035487796-PAYMENT FROM PHONE,4603591596534944,26/05/2025,,40256.93,-472125.27
26/05/2025,UPI-OLA CABS-9535704367@PTYBL YESB0PTMUPI-452249859925-AUTO PAYMENT,1442414223032237,26/05/2025,1725.83,,-473851.1
26/05/2025,UPI-MSBEAUX FASHION-IBKPOS.EP12443@ICIC I-ICIC0000004-291772670542-PAYMENT FROM PHONE,8172681491515795,26/05/2025,5391.06,,-479242.16
26/05/2025,UPI-RADESHYAM CHAUDHARY-DIMPALCHOUDHARY 1995@AXL-SBIN0030057-274295236557-PAYMENT T FROM PHONE,3231465323346079,26/05/2025,,32059.55,-447182.61
26/05/2025,UPI-AVIRAL MITTAL-AVIRAL.23@YBL-SBIN003 0057-251007747466-PAYMENT FROM PHONE,5933724583270510,26/05/2025,530.64,,-447713.25
26/05/2025,ACH/SBI MF/SIP/BLUECHIP FUND,8111931163964135,26/05/2025,9214.29,,-456927.54
27/05/2025,UPI-UBER-7955441200@HDFCBANK HDFC0MERUPI-234539453489-RIDE PAYMENT,8761049443385493,27/05/2025,257.77,,-457185.31
28/05/2025,UPI-RACHANA RAWAT-629935948R@AXL-FINO00 80001-126727600791-PAYMENT FROM PHONE,2366841747154607,28/05/2025,,2747.96,-454437.35
28/05/2025,UPI-SURESH KUMAR BANJARA-KAMLESHPAT70-4@O KHDFCBANK-HDFC5722069-435770021049-PAYME NT FROM PHONE,6134712984175831,28/05/2025,21692.27,,-476129.62
28/05/2025,UPI-KWATRA-IBKPOS.EP267917@ICICI-ICIC000 7069-274870550257-PAYMENT FROM PHONE,3899952253788101,28/05/2025,23656.29,,-499785.91
28/05/2025,ACH/HDFC BANK/EMI/HOME LOAN,7843166451919748,28/05/2025,14400.48,,-514186.39
28/05/2025,UPI-IRCTC RAIL APP-IRCTCPGONLINE@AXL-UTI B0AXLUPI-709796376515-PAYMENT FOR 100006,5497666542535330,28/05/2025,1412.72,,-515599.11
01/06/2025,NEFT/INFOSYS LIMITED/MONTHLY SALARY,2466905394792012,01/06/2025,,92863,-422736.11
01/06/2025,UPI-MAHESH KUMAR MALI-9449653228@YBL-SBI N0030057-793887640577-PAYMENT FROM PHONE,9273073559910713,01/06/2025,,9655.07,-413081.04
01/06/2025,UPI-SHREERAM STATIONERY -Q23593405@YBL-B KID4131072-574461003824-PAYMENT FROM PHO NE,1583867377643491,01/06/2025,284.2,,-413365.24
01/06/2025,UPI-KWATRA-IBKPOS.EP754871@ICICI-ICIC000 3500-292841224344-PAYMENT FROM PHONE,6340682392101241,01/06/2025,32884.19,,-446249.43
01/06/2025,UPI-KALA KUNJ KOTA-VYAPAR.866288843118@H DFCBANK-HDFC0MERUPI-407072788259-PAYMENT FROM PHONE,9927399555734667,01/06/2025,30235.91,,-476485.34
01/06/2025,UPI-ETISHA MITTAL-7485590800-2@AXL-UBIN0 462238-871243806557-PAYMENT FROM PHONE,6169562819592560,01/06/2025,32355.57,,-508840.91
02/06/2025,UPI-RADESHYAM CHAUDHARY-DIMPALCHOUDHARY 8170@AXL-SBIN0030057-799970827417-PAYMENT T FROM PHONE,2802304873955851,02/06/2025,,38797.27,-470043.64
02/06/2025,UPI-DEVKARAN MEENA-7687285885@YBL-FINO00 63633-859698941110-PAYMENT FROM PHONE,3951912171198718,02/06/2025,,26639.28,-443404.36
02/06/2025,UPI-IRCTC RAIL APP-IRCTCPGONLINE@YBL-YES B0YBLUPI-966255943270-PAYMENT FOR 100006,6295863568174718,02/06/2025,72.32,,-443476.68
02/06/2025,UPI-OLA CABS-8407755198@PTYBL YESB0PTMUPI-538455123167-AUTO PAYMENT,4459835205178215,02/06/2025,1356.44,,-444833.12
03/06/2025,UPI-GHANSHYAM GURJAR-GHANSHYAMG471@AXL 4064126-616100120607-PAYMENT FROM PH ONE,4204459439743910,03/06/2025,,32260.27,-412572.85
03/06/2025,UPI-IRCTC RAIL APP-IRCTCPGONLINE@YBL-YES B0YBLUPI-134694667804-PAYMENT FOR 100006,7988263491551122,03/06/2025,201.88,,-412774.73
03/06/2025,UPI-GOOGLE-PLAYSTORE1.BD@AXISBANK-UTIB00 85379-991356479616-MANDATEEXECUTE,7161834987472412,03/06/2025,1058.85,,-413833.58
03/06/2025,UPI-APOLLO PHARMACIES LI-SBIPMOPAD.02PYM 728563407451-PAYMENT FROM PHONE,2111672234796829,03/06/2025,797.32,,-414630.9
04/06/2025,BBPS/BESCOM/ELECTRICITY/BILL PAY,8271166598342190,04/06/2025,817.07,,-415447.97
04/06/2025,UPI-KWATRA-IBKPOS.EP787676@ICICI-ICIC000 1445-562286775802-PAYMENT FROM PHONE,1554773599432737,04/06/2025,21651.72,,-437099.69
05/06/2025,UPI-VIJAY SHREE TRADERS-SURENDRAGOYAL73@ OKSBI-BKID0008860-663548509824-PAYMENT F ROM PHONE,9939617498584223,05/06/2025,36473.44,,-473573.13
06/06/2025,UPI-IRCTC RAIL APP-IRCTCPGONLINE@YBL-YES B0YBLUPI-299632033358-PAYMENT FOR 100006,2581403806894024,06/06/2025,1316.0,,-474889.13
07/06/2025,UPI-ZOMATO LIMITED-ZOMATOFD.PAYU@HDFCBANK K-HDFC0MERUPI-805484596026-UPIINTENT,1585267028721340,07/06/2025,523.98,,-475413.11
07/06/2025,UPI-SWIGGY-9719528701@HDFCBANK-HDFC0MERUP I-419355645392-SWIGGY FOOD,1990012311747262,07/06/2025,656.32,,-476069.43
07/06/2025,UPI-ZEPTO MARKETPLACE PR-ZEPTO.PAYU@AXIS BANK-UTIB0000100-341026231776-PAYMENT FR OM PHONE,1178863130537032,07/06/2025,1612.12,,-477681.55
07/06/2025,UPI-IRCTC RAIL APP-IRCTCPGONLINE@YBL-YES B0YBLUPI-659107254279-PAYMENT FOR 100006,1760713748001904,07/06/2025,1928.92,,-479610.47
07/06/2025,UPI-KALA KUNJ KOTA-VYAPAR.448381841916@H DFCBANK-HDFC0MERUPI-876958678136-PAYMENT FROM PHONE,6463958914379162,07/06/2025,2178.31,,-481788.78
08/06/2025,UPI-SWIGGY-7365308503@HDFCBANK-HDFC0MERUP I-408816591512-SWIGGY FOOD,9389269657334284,08/06/2025,572.37,,-482361.15
08/06/2025,UPI-DHOLPUR GAJAK AND BA-PAYTMQR2619280@P TYS-YESB0PTMUPI-379192614372-PAYMENT FRO M PHONE,1498145869708060,08/06/2025,84.07,,-482445.22
09/06/2025,UPI-DHAKAD ELECTRICALS-MAB.1650852840 18@AXISBANK-UTIB0000100-677871653922-PAY MENT FROM PHONE,2080898388160407,09/06/2025,3722.2,,-486167.42
09/06/2025,UPI-FLIPKART PAYMENTS-PAYTM-63751317@PTY BL-YESB0PTMUPI-764357749979-EXPRESS,2730716208795565,09/06/2025,6786.34,,-492953.76
09/06/2025,UPI-APOLLO PHARMACIES LI-SBIPMOPAD.02PYM 338271006093-PAYMENT FROM PHONE,1669859179874959,09/06/2025,1916.82,,-494870.58
09/06/2025,UPI-KWATRA-IBKPOS.EP770154@ICICI-ICIC000 3432-425261115259-PAYMENT FROM PHONE,3552854419795783,09/06/2025,18174.14,,-513044.72
09/06/2025,UPI-MR SIDDHARTH CHHABR-Q973439363@YBL-114243635009 YESB0YBLUPI-602640418047-PAYMENT FROM PH ONE,3678645070284098,09/06/2025,6919.0,,-519963.72
10/06/2025,UPI-KALA KUNJ KOTA-VYAPAR.347132005701@H DFCBANK-HDFC0MERUPI-519832681214-PAYMENT FROM PHONE,3644367570821279,10/06/2025,36948.0,,-556911.72
11/06/2025,UPI-OM NAMKEEN AND SNACK-Q188931315@YBL- SBIN0030057-885629687372-PAYMENT FROM PH ONE,6507954352442975,11/06/2025,509.4,,-557421.12
11/06/2025,UPI-SWIGGY-8815951623@HDFCBANK-HDFC0MERUP I-423554578971-SWIGGY FOOD,6559425389709229,11/06/2025,728.8,,-558149.92
11/06/2025,UPI-ZEPTO MARKETPLACE PR-ZEPTO.PAYU@AXIS BANK-UTIB0000100-987583462704-PAYMENT FR OM PHONE,8268593512373642,11/06/2025,944.88,,-559094.8
11/06/2025,UPI-BLINKIT-PAYTM-BLINKIT@PTYBL-YESB0PTM UPI-573273966676-BLINKIT PAYMENT,4895194720572387,11/06/2025,2649.4,,-561744.2
11/06/2025,UPI-EKART-EKART@YBL-YESB0YBLUPI-77770033 4319-PAYMENT FOR REFCL7,6206980166991324,11/06/2025,3015.8,,-564760.0
11/06/2025,UPI-SRN PRINTERS-BHARATPE.54668291648@FB PE-FDRL0001382-382228555885-PAY TO BHARA TPE ME,6680686425909828,11/06/2025,3359.6,,-568119.6
12/06/2025,UPI-MR SIDDHARTH CHHABR-Q128628609@YBL-856988694173 YESB0YBLUPI-117836758182-PAYMENT FROM PH ONE,5713634871393370,12/06/2025,23572.54,,-591692.14
13/06/2025,UPI-SHREERAM STATIONERY -Q21903820@YBL-B KID3352410-330232386194-PAYMENT FROM PHO NE,6872292718621187,13/06/2025,1300.25,,-592992.39
13/06/2025,UPI-AVIRAL MITTAL-AVIRAL.23@YBL-SBIN003 0057-281804261459-PAYMENT FROM PHONE,9041488642163810,13/06/2025,8043.96,,-601036.35
13/06/2025,ACH/SBI MF/SIP/BLUECHIP FUND,7522620666345806,13/06/2025,881.36,,-601917.71
14/06/2025,UPI-VIJAY JUICE POINT-PAYTM.S10777@PTY- YESB0MCHUPI-518902174854-PAYMENT FROM PH ONE,8054113555007480,14/06/2025,641.87,,-602559.58
14/06/2025,UPI-AVIRAL MITTAL-AVIRAL.23@YBL-SBIN003 0057-861927048960-PAYMENT FROM PHONE,7749009000560706,14/06/2025,36073.23,,-638632.81
15/06/2025,UPI-BLINKIT-PAYTM-BLINKIT@PTYBL-YESB0PTM UPI-775726182994-BLINKIT PAYMENT,3480711391346040,15/06/2025,198.39,,-638831.2
15/06/2025,UPI-OLA CABS-7531197655@PTYBL YESB0PTMUPI-795021487404-AUTO PAYMENT,2246791712658426,15/06/2025,1778.92,,-640610.12
15/06/2025,UPI-SHAILENDRA PRAJAPAT-PAYTM.S85525@PT Y-YESB0MCHUPI-130147778515-PAYMENT FROM PHONE,7636897904467423,15/06/2025,29341.61,,-669951.73
16/06/2025,UPI-VINOD-VINODBAGADA8@AXL-SBIN0030057-8 490822601982-PAYMENT FROM PHONE,9301299627207957,16/06/2025,,23107.1,-646844.63
16/06/2025,UPI-CHAAPS N CURRIES-Q392557656@YBL-YESB 0YBLUPI-241930029037-PAYMENT FROM PHONE,1650914532883343,16/06/2025,101.87,,-646946.5
18/06/2025,UPI-GHANSHYAM GURJAR-GHANSHYAMG770@AXL 7050831-773252624283-PAYMENT FROM PH ONE,2555100728922996,18/06/2025,,39253.48,-607693.02
18/06/2025,UPI-CHAAPS N CURRIES-Q124158990@YBL-YESB 0YBLUPI-568331952001-PAYMENT FROM PHONE,6551537620814519,18/06/2025,385.33,,-608078.35
18/06/2025,UPI-RAVI CARPENTER-7299221158@YBL-SBIN0 62716-258468975731-PAYMENT FROM PHONE,1804665538007870,18/06/2025,692.14,,-608770.49
18/06/2025,UPI-EKART-EKART@YBL-YESB0YBLUPI-70070715 2202-PAYMENT FOR REFCL2,5479954596105436,18/06/2025,6772.15,,-615542.64
18/06/2025,UPI-RAMESH KUMAR BANJARA-KAMLESHPAT68-4@O KHDFCBANK-HDFC5207609-780956767979-PAYME NT FROM PHONE,3134140744750952,18/06/2025,12592.83,,-628135.47
19/06/2025,UPI-ZEPTO MARKETPLACE PR-ZEPTO.PAYU@AXIS BANK-UTIB0000100-554518687774-PAYMENT FR OM PHONE,8476906694604861,19/06/2025,1326.83,,-629462.3
19/06/2025,UPI-FLIPKART PAYMENTS-PAYTM-42655179@PTY BL-YESB0PTMUPI-184853636379-PAYMENT FROM PHONE,3347421936836959,19/06/2025,1858.23,,-631320.53
19/06/2025,UPI-VIJAY SHREE TRADERS-SURENDRAGOYAL98@ OKSBI-BKID0008860-562109896102-PAYMENT F ROM PHONE,4064379705201803,19/06/2025,27481.34,,-658801.87
19/06/2025,UPI-DINESH KUMAR PATIDA-RAKESHSIOTA38-3@O KHDFCBANK-HDFC1984235-851185394408-PAYME NT FROM PHONE,6187639465932347,19/06/2025,33271.41,,-692073.28
19/06/2025,UPI-KWATRA-IBKPOS.EP164566@ICICI-ICIC000 8625-266707339568-PAYMENT FROM PHONE,3162458164679747,19/06/2025,2222.24,,-694295.52
20/06/2025,UPI-VIJAY SHREE TRADERS-SURENDRAGOYAL32@ OKSBI-BKID0008860-433870127871-PAYMENT F ROM PHONE,8672294464544495,20/06/2025,10543.15,,-704838.67
20/06/2025,NACH/BAJAJ FINANCE/EMI DEBIT,2433326521414842,20/06/2025,18575.37,,-723414.04
21/06/2025,UPI-DHOLPUR GAJAK AND BA-PAYTMQR8330282@P TYS-YESB0PTMUPI-407455719183-PAYMENT FRO M PHONE,4938441476875101,21/06/2025,69.9,,-723483.94
21/06/2025,UPI-OLA CABS-9320034451@PTYBL YESB0PTMUPI-317569959303-AUTO PAYMENT,3301859177042865,21/06/2025,1274.13,,-724758.07
21/06/2025,UPI-AIRTEL RECHARGE-AIRTELPREDIRECT1@AXL -UTIB0AXLUPI-512029991905-PAYMENT FROM P HONE,8740617658830044,21/06/2025,824.43,,-725582.5
21/06/2025,UPI-KWATRA-IBKPOS.EP189682@ICICI-ICIC000 4214-733933051034-PAYMENT FROM PHONE,1057777688559849,21/06/2025,23961.65,,-749544.15
22/06/2025,UPI-SWIGGY-9985071106@HDFCBANK-HDFC0MERUP I-413664903844-SWIGGY FOOD,9603563997912170,22/06/2025,538.51,,-750082.66
23/06/2025,UPI-ZOMATO LIMITED-ZOMATOFD.PAYU@HDFCBANK K-HDFC0MERUPI-104009609871-UPIINTENT,5062109990183376,23/06/2025,628.74,,-750711.4
23/06/2025,UPI-OLA CABS-7530243735@PTYBL YESB0PTMUPI-301302419630-AUTO PAYMENT,6209582053750251,23/06/2025,1714.74,,-752426.14
24/06/2025,UPI-SWIGGY-7208371935@HDFCBANK-HDFC0MERUP I-547757982538-SWIGGY FOOD,1945179077943016,24/06/2025,168.49,,-752594.63
24/06/2025,UPI-ZEPTO MARKETPLACE PR-ZEPTOMARKETPLAC 147762.RZP@RXAXIS-UTIB0000RZP-230246513546 83-PAYMENT FROM PHONE,8490175982556702,24/06/2025,379.66,,-752974.29
25/06/2025,UPI-MR SIDDHARTH CHHABR-Q228944676@YBL-863140749756 YESB0YBLUPI-989473106428-PAYMENT FROM PH ONE,2459385629494594,25/06/2025,17138.8,,-770113.09
25/06/2025,UPI-AVIRAL MITTAL-AVIRAL.23@YBL-SBIN003 0057-436905141665-PAYMENT FROM PHONE,2009939834638046,25/06/2025,43089.03,,-813202.12
25/06/2025,UPI-ZERODHA-8880617716@ZERODHA,1559493478193225,25/06/2025,9314.62,,-822516.74
26/06/2025,UPI-MR PANKAJ BHAT-9882366623-4@YBL-CBI N5920701-795203576159-PAYMENT FROM PHONE,7787001285524811,26/06/2025,,9712.62,-812804.12
27/06/2025,UPI-DHOLPUR GAJAK AND BA-PAYTMQR9721483@P TYS-YESB0PTMUPI-843186633785-PAYMENT FRO M PHONE,6691988652750999,27/06/2025,202.93,,-813007.05
27/06/2025,UPI-FLIPKART PAYMENTS-PAYTM-23105070@PTY BL-YESB0PTMUPI-353885940570-PAYMENT FROM PHONE,9700516791425008,27/06/2025,7929.43,,-820936.48
27/06/2025,UPI-GOOGLE-PLAYSTORE1.BD@AXISBANK-UTIB00 38603-522647233099-MANDATEEXECUTE,6233384627783233,27/06/2025,1332.79,,-822269.27
27/06/2025,UPI-AIRTEL RECHARGE-AIRTELPREDIRECT1@AXL -UTIB0AXLUPI-362270702195-PAYMENT FROM P HONE,3451696348675129,27/06/2025,720.73,,-822990.0
28/06/2025,UPI-DEVKARAN MEENA-8995881027@YBL-FINO00 67183-824804873151-PAYMENT FROM PHONE,8595644218121378,28/06/2025,,39551.51,-783438.49
28/06/2025,UPI-KALA KUNJ KOTA-VYAPAR.547191896905@H DFCBANK-HDFC0MERUPI-641152245543-PAYMENT FROM PHONE,4985182734292372,28/06/2025,35206.57,,-818645.06
28/06/2025,UPI-VIJAY SHREE TRADERS-SURENDRAGOYAL57@ OKSBI-BKID0008860-166815451322-PAYMENT F ROM PHONE,8075781516726755,28/06/2025,38472.7,,-857117.76
28/06/2025,UPI-KAMLESH KUMAR BANJARA-RAKESHSIOTA35-5@O KHDFCBANK-HDFC7726318-434616504035-PAYME NT FROM PHONE,6452904131734815,28/06/2025,2275.76,,-859393.52
28/06/2025,UPI-MAHESH KUMAR MALI-8924086305@YBL-SBI N0030057-974789368460-PAYMENT FROM PHONE,4006381598774247,28/06/2025,18900.29,,-878293.81
28/06/2025,UPI-MAHESH KUMAR MALI-8411702143@YBL-SBI N0030057-439936334465-PAYMENT FROM PHONE,7748076011439870,28/06/2025,16254.85,,-894548.66
01/07/2025,NEFT/INFOSYS LIMITED/MONTHLY SALARY,6031989720140167,01/07/2025,,89400,-805148.66
01/07/2025,UPI-ZEPTO MARKETPLACE PR-ZEPTOMARKETPLAC 918952.RZP@RXAXIS-UTIB0000RZP-264951042330 41-PAYMENT FROM PHONE,1236102096463421,01/07/2025,656.09,,-805804.75
01/07/2025,UPI-M S SUPREME TRANSPOR-SUPREMETRANSPOR T616-9@OKICICI-ICIC1634884-168470380299- PAYMENT FROM PHONE,1346907149056617,01/07/2025,1582.39,,-807387.14
01/07/2025,UPI-EKART-EKART2.PAYU@AXISBANK-UTIB00001 00-386232189436-UPIQR,4688604584115206,01/07/2025,2500.16,,-809887.3
01/07/2025,UPI-RAJ MEDICAL STORES-GPAY-53764430321@ OKBIZAXIS-UTIB0000553-767570132186-PAYME NT FROM PHONE,7370940081895620,01/07/2025,1246.11,,-811133.41
01/07/2025,UPI-MR SIDDHARTH CHHABR-Q921179287@YBL-862664448196 YESB0YBLUPI-732392070737-PAYMENT FROM PH ONE,6665756376905514,01/07/2025,25647.41,,-836780.82
02/07/2025,UPI-DEVKARAN MEENA-9327412929@YBL-FINO00 97191-662526140220-PAYMENT FROM PHONE,1898810657289456,02/07/2025,,22419.29,-814361.53
02/07/2025,UPI-BLINKIT-PAYTM-BLINKIT@PTYBL-YESB0PTM UPI-672666934615-BLINKIT PAYMENT,8599825367527227,02/07/2025,2513.62,,-816875.15
02/07/2025,UPI-UBER-7012104551@HDFCBANK HDFC0MERUPI-638307578726-RIDE PAYMENT,3183111166598512,02/07/2025,1346.89,,-818222.04
02/07/2025,ACH/PPFAS MF/SIP/FLEXI CAP,5675265659283592,02/07/2025,7060.86,,-825282.9
03/07/2025,UPI-ZOMATO-PAYZOMATO@HDFCBANK-HDFC0MERUP I-957593914445-PAYMENT FROM PHONE,3299254169416672,03/07/2025,96.81,,-825379.71
03/07/2025,UPI-BLINKIT-PAYTM-BLINKIT@PTYBL-YESB0PTM UPI-207955884115-BLINKIT PAYMENT,4852791643387823,03/07/2025,333.34,,-825713.05
03/07/2025,UPI-JAIN DAIRY COLDRINKS-Q758304179@YBL- YESB0YBLUPI-254541730598-PAYMENT FROM PH ONE,7553967640895738,03/07/2025,148.71,,-825861.76
03/07/2025,UPI-NETFLIX COM-NETFLIXUPI.PAYU@HDFCBANK -HDFC0MERUPI-665771509046-MONTHLY AUTOPA Y. C,6841953398311231,03/07/2025,453.38,,-826315.14
03/07/2025,UPI-EKART-EKART@YBL-YESB0YBLUPI-85174624 9811-PAYMENT FOR REFCL3,7677894254384852,03/07/2025,5590.78,,-831905.92
03/07/2025,UPI-SHAILENDRA PRAJAPAT-PAYTM.S54792@PT Y-YESB0MCHUPI-846547751151-PAYMENT FROM PHONE,3031893091027442,03/07/2025,4261.67,,-836167.59
04/07/2025,UPI-DEVKARAN MEENA-9433091699@YBL-FINO00 94669-303794985920-PAYMENT FROM PHONE,1487443916293307,04/07/2025,,38334.71,-797832.88
04/07/2025,UPI-VIJAY SHREE TRADERS-SURENDRAGOYAL79@ OKSBI-BKID0008860-391159296508-PAYMENT F ROM PHONE,7332100313205242,04/07/2025,43756.1,,-841588.98
04/07/2025,NACH/BAJAJ FINANCE/EMI DEBIT,8302358497162797,04/07/2025,14023.48,,-855612.46
05/07/2025,UPI-ZOMATO-PAYZOMATO@HDFCBANK-HDFC0MERUP I-182564817078-PAYMENT FROM PHONE,8278666795982688,05/07/2025,620.72,,-856233.18
05/07/2025,ACH/JIO/RECHARGE/4G PLAN,8665014998270943,05/07/2025,522.66,,-856755.84
05/07/2025,UPI-MAHESH KUMAR MALI-8609127818@YBL-SBI N0030057-363762801206-PAYMENT FROM PHONE,6371085269991981,05/07/2025,7742.71,,-864498.55
06/07/2025,UPI-RAVI CARPENTER-7027150792@YBL-SBIN0 37340-797435139989-PAYMENT FROM PHONE,9175513608547582,06/07/2025,1266.29,,-865764.84
06/07/2025,UPI-AVIRAL MITTAL-AVIRAL.23@YBL-SBIN003 0057-322270727469-PAYMENT FROM PHONE,8568391260633829,06/07/2025,253.3,,-866018.14
07/07/2025,UPI-SAYUSH MITTAL-SAYUSHMITTAL51@OKHDFCB ANK-HDFC0005830-629735588131-UPI,4181474954378121,07/07/2025,,35235.94,-830782.2
07/07/2025,UPI-AVIRAL MITTAL-AVIRAL.23@YBL-SBIN003 0057-146064513331-PAYMENT FROM PHONE,1142482762935770,07/07/2025,25908.18,,-856690.38
07/07/2025,UPI-SHAILENDRA PRAJAPAT-PAYTM.S49843@PT Y-YESB0MCHUPI-695890752037-PAYMENT FROM PHONE,9427662479206165,07/07/2025,12798.69,,-869489.07
08/07/2025,UPI-IRCTC RAIL APP-IRCTCPGONLINE@AXL-UTI B0AXLUPI-354375459360-PAYMENT FOR 100006,2719661195771853,08/07/2025,788.2,,-870277.27
08/07/2025,UPI-BPCL UFILL 2-PAYTMQR21820617@PAYTM-YE SB0PTMUPI-922364924257-PAYMENT FROM PHON E,3154493463804256,08/07/2025,599.35,,-870876.62
08/07/2025,UPI-DELHI WATCH ELECTR-GPAY-2382673173 44@OKBIZAXIS-UTIB0000553-765128521662-PAY MENT FROM PHONE,8235056251482193,08/07/2025,2970.27,,-873846.89
08/07/2025,UPI-TAKEUFORWARD-TAKEUFORWARD282597.RZP@ RXAIRTEL-AIRP0000011-848079090611-PAYMEN TTOTAKEUFORW,1223684729048382,08/07/2025,2061.55,,-875908.44
09/07/2025,UPI-MAHESH KUMAR MALI-9509265207@YBL-SBI N0030057-804061674737-PAYMENT FROM PHONE,9901032047684070,09/07/2025,,16785.59,-859122.85
09/07/2025,UPI-BLINKIT-PAYTM-BLINKIT@PTYBL-YESB0PTM UPI-244119486335-BLINKIT PAYMENT,1487891947803151,09/07/2025,1925.01,,-861047.86
10/07/2025,UPI-KALA KUNJ KOTA-VYAPAR.896518549158@H DFCBANK-HDFC0MERUPI-504138319456-PAYMENT FROM PHONE,9860797652583750,10/07/2025,37500.94,,-898548.8
11/07/2025,UPI-SAYUSH MITTAL-SAYUSHMITTAL42@OKHDFCB ANK-HDFC0005830-278033076023-UPI,6767499797573610,11/07/2025,,6315.76,-892233.04
11/07/2025,UPI-OM NAMKEEN AND SNACK-Q896708393@YBL- BARB0INDKAT-938619017278-PAYMENT FROM PH ONE,4551212603321176,11/07/2025,679.1,,-892912.14
11/07/2025,UPI-BPCL UFILL 9-PAYTMQR70490863@PAYTM-YE SB0PTMUPI-461528960084-PAYMENT FROM PHON E,6396874974209449,11/07/2025,903.82,,-893815.96
11/07/2025,UPI-FLIPKART PAYMENTS-PAYTM-43326367@PTY BL-YESB0PTMUPI-304723415718-PAYMENT FROM PHONE,2047154195295267,11/07/2025,683.23,,-894499.19
11/07/2025,UPI-ETISHA MITTAL-9305384880-4@AXL-UBIN0 230173-744006366912-PAYMENT FROM PHONE,8547037764812209,11/07/2025,22983.97,,-917483.16
12/07/2025,UPI-GOOGLE-PLAYSTORE1.BD@AXISBANK-UTIB00 93489-587914636837-MANDATEEXECUTE,3297930479050416,12/07/2025,147.61,,-917630.77
12/07/2025,UPI-RAKESH KUMAR PATIDA-SURESHSINGH25-4@O KHDFCBANK-HDFC4434669-312334567008-PAYME NT FROM PHONE,2122894100732137,12/07/2025,15485.62,,-933116.39
14/07/2025,UPI-BLINKIT-PAYTM-BLINKIT@PTYBL-YESB0PTM UPI-182598283274-BLINKIT PAYMENT,3998132891609764,14/07/2025,180.41,,-933296.8
15/07/2025,UPI-ZOMATO-PAYZOMATO@HDFCBANK-HDFC0MERUP I-421725491927-PAYMENT FROM PHONE,7163835008465688,15/07/2025,704.56,,-934001.36
15/07/2025,UPI-VIJAY SHREE TRADERS-SURENDRAGOYAL69@ OKSBI-BKID0008860-873936879092-PAYMENT F ROM PHONE,5395962304981671,15/07/2025,29108.68,,-963110.04
16/07/2025,UPI-RACHANA RAWAT-844131015R@AXL-FINO00 20001-638948073725-PAYMENT FROM PHONE,8243238139692342,16/07/2025,,39539.88,-923570.16
16/07/2025,UPI-DEVKARAN MEENA-7828899380@YBL-FINO00 81932-664514209464-PAYMENT FROM PHONE,5252266541910500,16/07/2025,,10379.84,-913190.32
16/07/2025,UPI-RACHANA RAWAT-245200301R@AXL-FINO00 30001-644447534492-PAYMENT FROM PHONE,1339588986548814,16/07/2025,,29933.86,-883256.46
16/07/2025,UPI-SWIGGY-9839494826@HDFCBANK-HDFC0MERUP I-660507632805-SWIGGY FOOD,2370980570752024,16/07/2025,512.25,,-883768.71
16/07/2025,UPI-MR SIDDHARTH CHHABR-Q880839388@YBL-811411157067 YESB0YBLUPI-560184737804-PAYMENT FROM PH ONE,3632195350372335,16/07/2025,9500.61,,-893269.32
17/07/2025,UPI-ZEPTO MARKETPLACE PR-ZEPTOMARKETPLAC 396035.RZP@RXAXIS-UTIB0000RZP-571328634367 51-PAYMENT FROM PHONE,1654482511340872,17/07/2025,2129.7,,-895399.02
17/07/2025,UPI-APOLLO PHARMACIES LI-SBIPMOPAD.02PYM 503375254265-PAYMENT FROM PHONE,1695208924929610,17/07/2025,900.02,,-896299.04
17/07/2025,UPI-VIJAY SHREE TRADERS-SURENDRAGOYAL73@ OKSBI-BKID0008860-541670590904-PAYMENT F ROM PHONE,8391805141624722,17/07/2025,11750.12,,-908049.16
17/07/2025,UPI-AVIRAL MITTAL-AVIRAL.23@YBL-SBIN003 0057-636096720462-PAYMENT FROM PHONE,8076818121853887,17/07/2025,16588.26,,-924637.42
17/07/2025,UPI-JABIR HUSAIN TAI-9181931127@YBL-SBIN 74439-350898746019-PAYMENT FROM PHONE,8635228474983739,17/07/2025,33980.56,,-958617.98
18/07/2025,UPI-SAYUSH MITTAL-SAYUSHMITTAL90@OKHDFCB ANK-HDFC0005830-409278228999-UPI,3968647546410756,18/07/2025,,23822.65,-934795.33
18/07/2025,UPI-BLINKIT-PAYTM-BLINKIT@PTYBL-YESB0PTM UPI-411187032340-BLINKIT PAYMENT,5617555979700388,18/07/2025,501.97,,-935297.3
18/07/2025,UPI-OLA CABS-7475078945@PTYBL YESB0PTMUPI-351201478469-AUTO PAYMENT,7025868985719916,18/07/2025,1027.22,,-936324.52
18/07/2025,UPI-VIJAY SHREE TRADERS-SURENDRAGOYAL40@ OKSBI-BKID0008860-955580483910-PAYMENT F ROM PHONE,4835258781388275,18/07/2025,4691.97,,-941016.49
19/07/2025,UPI-GHANSHYAM GURJAR-GHANSHYAMG720@AXL 3513106-330710950306-PAYMENT FROM PH ONE,3721901168766944,19/07/2025,,4478.05,-936538.44
19/07/2025,UPI-BLINKIT-PAYTM-BLINKIT@PTYBL-YESB0PTM UPI-906084866287-BLINKIT PAYMENT,8905228390609531,19/07/2025,162.14,,-936700.58
19/07/2025,UPI-IRCTC RAIL APP-IRCTCPGONLINE@AXL-UTI B0AXLUPI-525321849967-PAYMENT FOR 100006,9142131028363563,19/07/2025,1134.52,,-937835.1
20/07/2025,ACH/HDFC MF/SIP/EQUITY FUND,8977772714545458,20/07/2025,3414.59,,-941249.69
21/07/2025,UPI-APOLLO PHARMACIES LI-SBIPMOPAD.02PYM 161771831638-PAYMENT FROM PHONE,9715818498341120,21/07/2025,814.66,,-942064.35
22/07/2025,UPI-GHANSHYAM GURJAR-GHANSHYAMG868@AXL 2155141-375989255965-PAYMENT FROM PH ONE,3615441238487209,22/07/2025,,22911.78,-919152.57
22/07/2025,UPI-RACHANA RAWAT-994468782R@AXL-FINO00 40001-867453460443-PAYMENT FROM PHONE,4615057301644751,22/07/2025,,16581.08,-902571.49
22/07/2025,UPI-OLA CABS-7151453828@PTYBL YESB0PTMUPI-746750455452-AUTO PAYMENT,4707278305511466,22/07/2025,177.0,,-902748.49
23/07/2025,UPI-RADESHYAM CHAUDHARY-DIMPALCHOUDHARY 3134@AXL-SBIN0030057-581363565705-PAYMENT T FROM PHONE,7463675173211599,23/07/2025,,8770.03,-893978.46
23/07/2025,UPI-RACHANA RAWAT-336692587R@AXL-FINO00 50001-121074322074-PAYMENT FROM PHONE,7752013365438444,23/07/2025,,33267.82,-860710.64
23/07/2025,UPI-GHANSHYAM GURJAR-GHANSHYAMG810@AXL 9967999-634885544603-PAYMENT FROM PH ONE,3854005467932405,23/07/2025,,33733.64,-826977.0
23/07/2025,UPI-RACHANA RAWAT-493499182R@AXL-FINO00 20001-830341090192-PAYMENT FROM PHONE,6135486611994163,23/07/2025,,21354.27,-805622.73
23/07/2025,UPI-SAMRIYA KIRANA STORE-VYAPAR.38743183 7882@HDFCBANK-HDFC0MERUPI-411976073352-P AYMENT FROM PHONE,3306576069669099,23/07/2025,2910.65,,-808533.38
23/07/2025,UPI-ZEPTO MARKETPLACE PR-ZEPTOMARKETPLAC 640081.RZP@RXAXIS-UTIB0000RZP-899800482381 45-PAYMENT FROM PHONE,1626416289820173,23/07/2025,932.34,,-809465.72
23/07/2025,UPI-FLIPKART PAYMENTS-PAYTM-38873109@PTY BL-YESB0PTMUPI-309009232500-EXPRESS,4216077135210410,23/07/2025,6797.63,,-816263.35
23/07/2025,UPI-SHAILENDRA PRAJAPAT-PAYTM.S73328@PT Y-YESB0MCHUPI-225853561582-PAYMENT FROM PHONE,5872676778311964,23/07/2025,5465.34,,-821728.69
24/07/2025,UPI-SWIGGY-8402456549@HDFCBANK-HDFC0MERUP I-293288287811-SWIGGY FOOD,3259911557185051,24/07/2025,730.49,,-822459.18
24/07/2025,UPI-MEESHO TECHNOLOGIES -MEESHOONLINEPG@ AXL-UTIB0AXLUPI-596307196600-UPI INTENT,4070842779408653,24/07/2025,7429.76,,-829888.94
24/07/2025,UPI-MSBHUMI JUNCTION NX-EAZYPAY.ZKIAW94C 6SND4LR@ICICI-ICIC0DC0099-351849281878-P AYMENT FROM PHONE,5952282506900501,24/07/2025,521.44,,-830410.38
25/07/2025,UPI-BLINKIT-BLINKIT.PAYU@HDFCBANK-HDFC0M ERUPI-355013511070-UPIINTENT,4690335654106743,25/07/2025,492.75,,-830903.13
25/07/2025,UPI-M S SUPREME TRANSPOR-SUPREMETRANSPOR T527-6@OKICICI-ICIC8384389-412836294048- PAYMENT FROM PHONE,6520523857547774,25/07/2025,1844.37,,-832747.5
25/07/2025,UPI-FLIPKART PAYMENTS-PAYTM-58445837@PTY BL-YESB0PTMUPI-942432657163-EXPRESS,1367586009362597,25/07/2025,946.66,,-833694.16
25/07/2025,UPI-AIRTEL RECHARGE-AIRTELPREDIRECT3@AXL -UTIB0AXLUPI-570189279181-PAYMENT FROM P HONE,9124875301725065,25/07/2025,1431.29,,-835125.45
25/07/2025,UPI-KAMLESH KUMAR BANJARA-KAMLESHPAT53-2@O KHDFCBANK-HDFC7397468-342944886541-PAYME NT FROM PHONE,2401045151644059,25/07/2025,39676.14,,-874801.59
26/07/2025,UPI-MR PANKAJ BHAT-9102181447-4@YBL-CBI N5136991-289795738447-PAYMENT FROM PHONE,6775184891556213,26/07/2025,,1803.73,-872997.86
26/07/2025,UPI-CHAAYOS-8383486237@HDFCBANK HDFC0MERUPI-505862536656-PAYMENT FROM PHONE,4101352253580140,26/07/2025,199.72,,-873197.58
27/07/2025,UPI-VINOD-VINODBAGADA9@AXL-SBIN0030057-2 951139962467-PAYMENT FROM PHONE,8388571326578906,27/07/2025,,18594.0,-854603.58
27/07/2025,UPI-MAHESH KUMAR MALI-8508997327@YBL-SBI N0030057-205195464051-PAYMENT FROM PHONE,3953103860246924,27/07/2025,,39834.84,-814768.74
27/07/2025,UPI-SWIGGY-9713503370@HDFCBANK-HDFC0MERUP I-312605915082-SWIGGY FOOD,1982999338399226,27/07/2025,667.01,,-815435.75
27/07/2025,UPI-BLINKIT-PAYTM-BLINKIT@PTYBL-YESB0PTM UPI-593779031088-BLINKIT PAYMENT,2169836051378617,27/07/2025,726.01,,-816161.76
28/07/2025,UPI-ZEPTO MARKETPLACE PR-ZEPTO.PAYU@AXIS BANK-UTIB0000100-982643827269-PAYMENT FR OM PHONE,3112195622566457,28/07/2025,556.22,,-816717.98
28/07/2025,UPI-ZEPTO MARKETPLACE PR-ZEPTO.PAYU@AXIS BANK-UTIB0000100-956408412905-PAYMENT FR OM PHONE,2094153112444153,28/07/2025,981.97,,-817699.95
28/07/2025,UPI-AIRTEL RECHARGE-AIRTELPREDIRECT1@YBL -YESB0YBLUPI-850399870208-PAYMENT FROM P HONE,8056533548579058,28/07/2025,1748.46,,-819448.41
01/08/2025,NEFT/INFOSYS LIMITED/MONTHLY SALARY,8711930123435907,01/08/2025,,86171,-733277.41
01/08/2025,UPI-CHAAYOS-9197590770@HDFCBANK HDFC0MERUPI-435330830587-PAYMENT FROM PHONE,8074670373203488,01/08/2025,743.56,,-734020.97
01/08/2025,UPI-IRCTC RAIL APP-IRCTCPGONLINE@AXL-UTI B0AXLUPI-944046672033-PAYMENT FOR 100006,1884200236465666,01/08/2025,602.25,,-734623.22
01/08/2025,UPI-MR SIDDHARTH CHHABR-Q860827386@YBL-994215155186 YESB0YBLUPI-406506331528-PAYMENT FROM PH ONE,1025024047929078,01/08/2025,20820.6,,-755443.82
02/08/2025,UPI-OLA CABS-9175584193@PTYBL YESB0PTMUPI-526075566051-AUTO PAYMENT,3922502064224072,02/08/2025,244.79,,-755688.61
02/08/2025,UPI-OLA CABS-9139003662@PTYBL YESB0PTMUPI-380870204393-AUTO PAYMENT,7874726813925017,02/08/2025,1578.81,,-757267.42
02/08/2025,BBPS/BESCOM/ELECTRICITY/BILL PAY,4228610913653867,02/08/2025,34.1,,-757301.52
03/08/2025,UPI-JABIR HUSAIN TAI-9214545528@YBL-SBIN 33790-727462580155-PAYMENT FROM PHONE,3340459022500319,03/08/2025,44159.8,,-801461.32
04/08/2025,UPI-SAMRIYA KIRANA STORE-VYAPAR.33446425 6831@HDFCBANK-HDFC0MERUPI-710978288786-P AYMENT FROM PHONE,9802400750565879,04/08/2025,1526.66,,-802987.98
04/08/2025,UPI-TAKEUFORWARD-TAKEUFORWARD560071.RZP@ RXAIRTEL-AIRP0000011-838689492208-PAYMEN TTOTAKEUFORW,1262978151001876,04/08/2025,4630.46,,-807618.44
05/08/2025,UPI-BLINKIT-BLINKIT.PAYU@HDFCBANK-HDFC0M ERUPI-937860063667-UPIINTENT,1308447972219475,05/08/2025,182.37,,-807800.81
05/08/2025,UPI-APOLLO PHARMACIES LI-SBIPMOPAD.02PYM 549426320443-PAYMENT FROM PHONE,5397170600792936,05/08/2025,1873.83,,-809674.64
05/08/2025,UPI-KALA KUNJ KOTA-VYAPAR.658717654665@H DFCBANK-HDFC0MERUPI-494582914915-PAYMENT FROM PHONE,4734941343140731,05/08/2025,31234.19,,-840908.83
06/08/2025,UPI-MAHESH KUMAR MALI-7701637012@YBL-SBI N0030057-792240845862-PAYMENT FROM PHONE,6768526553326256,06/08/2025,,28639.51,-812269.32
07/08/2025,UPI-BLINKIT-PAYTM-BLINKIT@PTYBL-YESB0PTM UPI-957139524784-BLINKIT PAYMENT,6745648324802579,07/08/2025,1658.38,,-813927.7
07/08/2025,UPI-ZEPTO MARKETPLACE PR-ZEPTO.PAYU@AXIS BANK-UTIB0000100-522321907814-PAYMENT FR OM PHONE,8561614299854959,07/08/2025,2715.7,,-816643.4
07/08/2025,UPI-UBER-7883694437@HDFCBANK HDFC0MERUPI-776196033135-RIDE PAYMENT,2043773633538557,07/08/2025,877.18,,-817520.58
07/08/2025,UPI-SRN PRINTERS-BHARATPE.50091787585@FB PE-FDRL0001382-794423659791-PAY TO BHARA TPE ME,9524075798400147,07/08/2025,68.51,,-817589.09
08/08/2025,UPI-BLINKIT-BLINKIT.PAYU@HDFCBANK-HDFC0M ERUPI-718245952902-UPIINTENT,6908562052006449,08/08/2025,493.6,,-818082.69
08/08/2025,UPI-BPCL UFILL 3-PAYTMQR20732350@PAYTM-YE SB0PTMUPI-532146997702-PAYMENT FROM PHON E,8522631906196095,08/08/2025,1706.16,,-819788.85
08/08/2025,UPI-AMAZON PAY-9250758511@AMAZON UTIB0000100-999575233120-ORDER PAYMENT,6745858488651476,08/08/2025,7412.36,,-827201.21
08/08/2025,UPI-FLIPKART PAYMENTS-PAYTM-85640876@PTY BL-YESB0PTMUPI-253497161000-EXPRESS,7223855744907282,08/08/2025,3015.65,,-830216.86
08/08/2025,UPI-GOOGLE-PLAYSTORE1.BD@AXISBANK-UTIB00 31995-727971061703-MANDATEEXECUTE,6320061953622592,08/08/2025,713.81,,-830930.67
10/08/2025,UPI-VIJAY JUICE POINT-PAYTM.S23003@PTY- YESB0MCHUPI-739871838881-PAYMENT FROM PH ONE,3774572443872349,10/08/2025,353.21,,-831283.88
10/08/2025,UPI-KALA KUNJ KOTA-VYAPAR.844122499373@H DFCBANK-HDFC0MERUPI-142502228062-PAYMENT FROM PHONE,5356695411801939,10/08/2025,3004.14,,-834288.02
11/08/2025,UPI-MR PANKAJ BHAT-9434225457-5@YBL-CBI N4078969-266205562182-PAYMENT FROM PHONE,4254564853154390,11/08/2025,,1736.27,-832551.75
11/08/2025,UPI-BLINKIT-BLINKIT.PAYU@HDFCBANK-HDFC0M ERUPI-950519474052-UPIINTENT,2782048738434664,11/08/2025,145.71,,-832697.46
11/08/2025,UPI-UBER-8329897461@HDFCBANK HDFC0MERUPI-883996946544-RIDE PAYMENT,4164183859288666,11/08/2025,1830.37,,-834527.83
11/08/2025,UPI-AVIRAL MITTAL-AVIRAL.23@YBL-SBIN003 0057-232324337716-PAYMENT FROM PHONE,7011472402973594,11/08/2025,34023.45,,-868551.28
12/08/2025,UPI-GHANSHYAM GURJAR-GHANSHYAMG678@AXL 3485710-863470717418-PAYMENT FROM PH ONE,3395244911395076,12/08/2025,,35099.99,-833451.29
12/08/2025,UPI-AVIRAL MITTAL-AVIRAL.23@YBL-SBIN003 0057-580089227382-PAYMENT FROM PHONE,7600518624892380,12/08/2025,9521.68,,-842972.97
12/08/2025,ACH/SBI MF/SIP/BLUECHIP FUND,1995023479943241,12/08/2025,4377.34,,-847350.31
13/08/2025,UPI-SAYUSH MITTAL-SAYUSHMITTAL16@OKHDFCB ANK-HDFC0005830-724615451848-UPI,1627817299126629,13/08/2025,,22819.16,-824531.15
13/08/2025,UPI-RAVI CARPENTER-7040495264@YBL-SBIN0 11978-969310585150-PAYMENT FROM PHONE,7657039543644131,13/08/2025,893.06,,-825424.21
13/08/2025,UPI-KWATRA-IBKPOS.EP444773@ICICI-ICIC000 7582-602076765348-PAYMENT FROM PHONE,4780277480130963,13/08/2025,22933.2,,-848357.41
14/08/2025,UPI-BLINKIT-BLINKIT.PAYU@HDFCBANK-HDFC0M ERUPI-786881459307-UPIINTENT,8546418193724427,14/08/2025,320.22,,-848677.63
14/08/2025,UPI-ETISHA MITTAL-7123142251-5@AXL-UBIN0 395149-365184532088-PAYMENT FROM PHONE,1014953400589146,14/08/2025,28204.07,,-876881.7
15/08/2025,UPI-SWIGGY-8215632977@HDFCBANK-HDFC0MERUP I-379861861166-SWIGGY FOOD,1287611458923071,15/08/2025,625.35,,-877507.05
15/08/2025,UPI-ZEPTO MARKETPLACE PR-ZEPTOMARKETPLAC 449063.RZP@RXAXIS-UTIB0000RZP-378996395422 47-PAYMENT FROM PHONE,2682204501327387,15/08/2025,2824.45,,-880331.5
15/08/2025,BBPS/BESCOM/ELECTRICITY/BILL PAY,2804076628540358,15/08/2025,1777.26,,-882108.76
15/08/2025,UPI-ETISHA MITTAL-7014158539-4@AXL-UBIN0 174136-846171418904-PAYMENT FROM PHONE,3635133962652868,15/08/2025,20355.28,,-902464.04
16/08/2025,UPI-JAIN DAIRY COLDRINKS-Q240824812@YBL- YESB0YBLUPI-878253922611-PAYMENT FROM PH ONE,8117940639297470,16/08/2025,509.49,,-902973.53
16/08/2025,UPI-IRCTC RAIL APP-IRCTCPGONLINE@AXL-UTI B0AXLUPI-527297922294-PAYMENT FOR 100006,6076133524769496,16/08/2025,558.33,,-903531.86
16/08/2025,UPI-EKART-EKART@YBL-YESB0YBLUPI-68560012 4678-PAYMENT FOR REFCL4,2062746815560169,16/08/2025,4830.87,,-908362.73
16/08/2025,UPI-APOLLO PHARMACIES LI-SBIPMOPAD.02PYM 434367988491-PAYMENT FROM PHONE,3933025656265458,16/08/2025,1444.05,,-909806.78
16/08/2025,UPI-MAHESH KUMAR MALI-7985546220@YBL-SBI N0030057-425480912767-PAYMENT FROM PHONE,6046341457141142,16/08/2025,41304.97,,-951111.75
17/08/2025,UPI-SHAILENDRA PRAJAPAT-PAYTM.S52932@PT Y-YESB0MCHUPI-783486739317-PAYMENT FROM PHONE,3198526547921275,17/08/2025,42858.51,,-993970.26
18/08/2025,UPI-MAHESH KUMAR MALI-9466429497@YBL-SBI N0030057-164746361005-PAYMENT FROM PHONE,9987227097265357,18/08/2025,,28702.18,-965268.08
18/08/2025,UPI-ZOMATO-PAYZOMATO@HDFCBANK-HDFC0MERUP I-310091355160-PAYMENT FROM PHONE,5279912905071026,18/08/2025,675.5,,-965943.58
18/08/2025,ACH/JIO/RECHARGE/4G PLAN,8842913511761509,18/08/2025,560.25,,-966503.83
19/08/2025,UPI-LOCAL DHABA-PAYTMQR3691990@PTYS YESB0PTMUPI-628763760056-PAYMENT FROM PHONE,2278511933996835,19/08/2025,371.02,,-966874.85
19/08/2025,UPI-IRCTC RAIL APP-IRCTCPGONLINE@YBL-YES B0YBLUPI-544265757618-PAYMENT FOR 100006,3672679649636500,19/08/2025,998.07,,-967872.92
19/08/2025,UPI-MSBEAUX FASHION-IBKPOS.EP47664@ICIC I-ICIC0000004-264024927493-PAYMENT FROM PHONE,2516742764588225,19/08/2025,3837.05,,-971709.97
19/08/2025,UPI-ETISHA MITTAL-9993121924-2@AXL-UBIN0 437534-744864373197-PAYMENT FROM PHONE,4706764410811890,19/08/2025,34317.01,,-1006026.98
20/08/2025,UPI-SWIGGY-8160681973@HDFCBANK-HDFC0MERUP I-351605470696-SWIGGY FOOD,5982525208436375,20/08/2025,492.78,,-1006519.76
20/08/2025,UPI-AVIRAL MITTAL-AVIRAL.23@YBL-SBIN003 0057-572432798608-PAYMENT FROM PHONE,6850303597692235,20/08/2025,6931.71,,-1013451.47
21/08/2025,UPI-BPCL UFILL 7-PAYTMQR43888876@PAYTM-YE SB0PTMUPI-482051324554-PAYMENT FROM PHON E,8482989256635834,21/08/2025,1639.81,,-1015091.28
21/08/2025,UPI-RAKESH KUMAR PATIDA-RAKESHSIOTA27-5@O KHDFCBANK-HDFC8919696-121407200445-PAYME NT FROM PHONE,2652777458823583,21/08/2025,44265.91,,-1059357.19
22/08/2025,UPI-MAHESH KUMAR MALI-8455900276@YBL-SBI N0030057-927827578054-PAYMENT FROM PHONE,3224257269556554,22/08/2025,,34657.18,-1024700.01
22/08/2025,UPI-ZOMATO-PAYZOMATO@HDFCBANK-HDFC0MERUP I-511881362231-PAYMENT FROM PHONE,5379526723703623,22/08/2025,647.49,,-1025347.5
22/08/2025,UPI-BLINKIT-BLINKIT.PAYU@HDFCBANK-HDFC0M ERUPI-990377357321-UPIINTENT,6963602607449856,22/08/2025,253.81,,-1025601.31
22/08/2025,UPI-ZEPTO MARKETPLACE PR-ZEPTOMARKETPLAC 433088.RZP@RXAXIS-UTIB0000RZP-713306225866 73-PAYMENT FROM PHONE,7882596005655530,22/08/2025,1687.9,,-1027289.21
22/08/2025,UPI-MS KAMAL ENTERPRISES-Q924838138@YBL UTIB0000553-922824333004-PAYMENT FROM PH ONE,7446539021924761,22/08/2025,375.85,,-1027665.06
22/08/2025,UPI-MR SIDDHARTH CHHABR-Q789233578@YBL-109470291917 YESB0YBLUPI-442828240710-PAYMENT FROM PH ONE,3180649278453915,22/08/2025,1845.41,,-1029510.47
23/08/2025,UPI-BLINKIT-PAYTM-BLINKIT@PTYBL-YESB0PTM UPI-989120970470-BLINKIT PAYMENT,2180053151778692,23/08/2025,91.88,,-1029602.35
23/08/2025,UPI-EKART-EKART2.PAYU@AXISBANK-UTIB00001 00-172959344159-UPIQR,6464374973021508,23/08/2025,2138.79,,-1031741.14
24/08/2025,UPI-RADESHYAM CHAUDHARY-DIMPALCHOUDHARY 7645@AXL-SBIN0030057-435466520017-PAYMENT T FROM PHONE,9438317461828090,24/08/2025,,31586.3,-1000154.84
24/08/2025,UPI-APOLLO PHARMACIES LI-SBIPMOPAD.02PYM 439125206735-PAYMENT FROM PHONE,1400404236242520,24/08/2025,1317.69,,-1001472.53
24/08/2025,NACH/BAJAJ FINANCE/EMI DEBIT,6688343772186499,24/08/2025,19890.01,,-1021362.54
25/08/2025,UPI-EKART-EKART@YBL-YESB0YBLUPI-56006510 6783-PAYMENT FOR REFCL7,9388093516535134,25/08/2025,2052.35,,-1023414.89
26/08/2025,UPI-VINOD-VINODBAGADA7@AXL-SBIN0030057-2 540149416990-PAYMENT FROM PHONE,2956719690979800,26/08/2025,,33917.53,-989497.36
26/08/2025,UPI-BIGBASKET-9688930427@HDFCBANK HDFC0MERUPI-777083041284-GROCERY ORDER,2859336471232653,26/08/2025,1259.95,,-990757.31
26/08/2025,UPI-MR SIDDHARTH CHHABR-Q443086673@YBL-168798293141 YESB0YBLUPI-403841022443-PAYMENT FROM PH ONE,1309880100548215,26/08/2025,44968.85,,-1035726.16
27/08/2025,UPI-SAYUSH MITTAL-SAYUSHMITTAL22@OKHDFCB ANK-HDFC0005830-710145282861-UPI,8116820814562647,27/08/2025,,213.9,-1035512.26
02/09/2025,NEFT/INFOSYS LIMITED/MONTHLY SALARY,2152698162304742,02/09/2025,,89448,-946064.26
03/09/2025,UPI-SWIGGY-8282353200@HDFCBANK-HDFC0MERUP I-624133035980-SWIGGY FOOD,8768072707733961,03/09/2025,362.02,,-946426.28
03/09/2025,UPI-IRCTC RAIL APP-IRCTCPGONLINE@AXL-UTI B0AXLUPI-376215522039-PAYMENT FOR 100006,1710129259997175,03/09/2025,1558.44,,-947984.72
04/09/2025,UPI-GHANSHYAM GURJAR-GHANSHYAMG113@AXL 1201569-465910776972-PAYMENT FROM PH ONE,3366073423067888,04/09/2025,,27780.98,-920203.74
04/09/2025,UPI-SHREERAM STATIONERY -Q93094520@YBL-B KID2514442-185140332157-PAYMENT FROM PHO NE,9580471785172772,04/09/2025,2331.05,,-922534.79
04/09/2025,UPI-UBER-9932254988@HDFCBANK HDFC0MERUPI-258309599502-RIDE PAYMENT,6814473161673077,04/09/2025,387.2,,-922921.99
05/09/2025,UPI-VINOD-VINODBAGADA4@AXL-SBIN0030057-4 502422010653-PAYMENT FROM PHONE,7711203142370347,05/09/2025,,33854.78,-889067.21
05/09/2025,UPI-DEVKARAN MEENA-9916605394@YBL-FINO00 22934-601218851422-PAYMENT FROM PHONE,1731499709575323,05/09/2025,,23766.49,-865300.72
05/09/2025,UPI-KWATRA-IBKPOS.EP870693@ICICI-ICIC000 6646-749462087081-PAYMENT FROM PHONE,5886493706843409,05/09/2025,278.89,,-865579.61
06/09/2025,UPI-MR PANKAJ BHAT-9537516951-1@YBL-CBI N4545782-217713188932-PAYMENT FROM PHONE,5431633052189787,06/09/2025,,15747.96,-849831.65
06/09/2025,UPI-MR PANKAJ BHAT-7864000295-3@YBL-CBI N5401411-820768883362-PAYMENT FROM PHONE,8792609873556428,06/09/2025,,2993.54,-846838.11
06/09/2025,UPI-BIGBASKET-9032209873@HDFCBANK HDFC0MERUPI-396014855674-GROCERY ORDER,3564856832773835,06/09/2025,1012.64,,-847850.75
06/09/2025,UPI-AVIRAL MITTAL-AVIRAL.23@YBL-SBIN003 0057-915474893906-PAYMENT FROM PHONE,9938917842517997,06/09/2025,38977.49,,-886828.24
06/09/2025,UPI-AVIRAL MITTAL-AVIRAL.23@YBL-SBIN003 0057-176913143893-PAYMENT FROM PHONE,7041198224390971,06/09/2025,16130.7,,-902958.94
07/09/2025,UPI-GHANSHYAM GURJAR-GHANSHYAMG296@AXL 8961159-700678704847-PAYMENT FROM PH ONE,4668614150854385,07/09/2025,,6308.3,-896650.64
07/09/2025,UPI-IRCTC RAIL APP-IRCTCPGONLINE@YBL-YES B0YBLUPI-160505695730-PAYMENT FOR 100006,6104787781800365,07/09/2025,587.16,,-897237.8
07/09/2025,NACH/BAJAJ FINANCE/EMI DEBIT,9332137389024203,07/09/2025,18878.04,,-916115.84
08/09/2025,UPI-BLINKIT-PAYTM-BLINKIT@PTYBL-YESB0PTM UPI-139890958925-BLINKIT PAYMENT,8302897653114064,08/09/2025,562.15,,-916677.99
09/09/2025,UPI-SAYUSH MITTAL-SAYUSHMITTAL37@OKHDFCB ANK-HDFC0005830-774233430139-UPI,7590120877616822,09/09/2025,,19893.45,-896784.54
09/09/2025,UPI-BLINKIT-PAYTM-BLINKIT@PTYBL-YESB0PTM UPI-573659687985-BLINKIT PAYMENT,6182905869708837,09/09/2025,448.49,,-897233.03
09/09/2025,UPI-BLINKIT-BLINKIT.PAYU@HDFCBANK-HDFC0M ERUPI-648046400353-UPIINTENT,8865664952580508,09/09/2025,651.02,,-897884.05
09/09/2025,UPI-NETFLIX COM-NETFLIXUPI.PAYU@HDFCBANK -HDFC0MERUPI-769782211780-MONTHLY AUTOPA Y. C,9930506933895891,09/09/2025,281.93,,-898165.98
09/09/2025,UPI-M S SUPREME TRANSPOR-SUPREMETRANSPOR T277-4@OKICICI-ICIC8142292-513208138712- PAYMENT FROM PHONE,9087849626832324,09/09/2025,1940.49,,-900106.47
09/09/2025,UPI-IRCTC RAIL APP-IRCTCPGONLINE@YBL-YES B0YBLUPI-962170665684-PAYMENT FOR 100006,6253751014653715,09/09/2025,79.22,,-900185.69
09/09/2025,UPI-FLIPKART PAYMENTS-PAYTM-36120414@PTY BL-YESB0PTMUPI-838543141616-EXPRESS,7823698810773360,09/09/2025,2171.93,,-902357.62
09/09/2025,UPI-RAKSHA NYATI-Q327899239@YBL-YESB0YBL UPI-844111322021-PAYMENT FROM PHONE,6741122588604807,09/09/2025,69.17,,-902426.79
10/09/2025,UPI-MR PANKAJ BHAT-7589315558-3@YBL-CBI N5063658-693124753194-PAYMENT FROM PHONE,1151849483654401,10/09/2025,,35207.51,-867219.28
10/09/2025,UPI-RACHANA RAWAT-975633790R@AXL-FINO00 10001-204205870358-PAYMENT FROM PHONE,3584893670733305,10/09/2025,,10879.23,-856340.05
10/09/2025,UPI-FLIPKART PAYMENTS-PAYTM-63496533@PTY BL-YESB0PTMUPI-437853475563-PAYMENT FROM PHONE,4741736544074279,10/09/2025,2287.04,,-858627.09
10/09/2025,UPI-FLIPKART PAYMENTS-PAYTM-18657026@PTY BL-YESB0PTMUPI-944332645609-EXPRESS,7310014777162772,10/09/2025,6250.26,,-864877.35
10/09/2025,ACH/JIO/RECHARGE/4G PLAN,4728034668518491,10/09/2025,765.11,,-865642.46
11/09/2025,UPI-SWIGGY-7447221842@HDFCBANK-HDFC0MERUP I-816030741586-SWIGGY FOOD,1859502118821595,11/09/2025,392.6,,-866035.06
11/09/2025,UPI-SHREERAM STATIONERY -Q19164618@YBL-B KID2203394-700606623780-PAYMENT FROM PHO NE,7588436438830686,11/09/2025,2400.22,,-868435.28
11/09/2025,UPI-KALA KUNJ KOTA-VYAPAR.948785688390@H DFCBANK-HDFC0MERUPI-573099340263-PAYMENT FROM PHONE,6398600155716805,11/09/2025,36566.16,,-905001.44
11/09/2025,ACH/SBI MF/SIP/BLUECHIP FUND,6698573217688061,11/09/2025,3509.51,,-908510.95
12/09/2025,UPI-MR SIDDHARTH CHHABR-Q559496785@YBL-390136620128 YESB0YBLUPI-684522060714-PAYMENT FROM PH ONE,7818252256032983,12/09/2025,15128.72,,-923639.67
12/09/2025,UPI-VIJAY SHREE TRADERS-SURENDRAGOYAL31@ OKSBI-BKID0008860-784663849210-PAYMENT F ROM PHONE,5924355945121268,12/09/2025,12666.67,,-936306.34
12/09/2025,UPI-JABIR HUSAIN TAI-9418016427@YBL-SBIN 95347-409707897154-PAYMENT FROM PHONE,3367448564497769,12/09/2025,13242.58,,-949548.92
13/09/2025,UPI-CHAAPS N CURRIES-Q810943636@YBL-YESB 0YBLUPI-291324985610-PAYMENT FROM PHONE,1971957866492938,13/09/2025,263.69,,-949812.61
13/09/2025,UPI-ZEPTO MARKETPLACE PR-ZEPTOMARKETPLAC 792471.RZP@RXAXIS-UTIB0000RZP-134308963135 79-PAYMENT FROM PHONE,7453823680472519,13/09/2025,356.07,,-950168.68
13/09/2025,UPI-AIRTEL RECHARGE-AIRTELPREDIRECT1@YBL -YESB0YBLUPI-239733336166-PAYMENT FROM P HONE,5861586872811809,13/09/2025,59.01,,-950227.69
14/09/2025,UPI-RACHANA RAWAT-849198577R@AXL-FINO00 50001-226839019118-PAYMENT FROM PHONE,3491733496713510,14/09/2025,,35311.31,-914916.38
14/09/2025,UPI-DEVKARAN MEENA-8392743708@YBL-FINO00 93657-483277974043-PAYMENT FROM PHONE,5815285989694352,14/09/2025,,36320.73,-878595.65
14/09/2025,UPI-GHANSHYAM GURJAR-GHANSHYAMG283@AXL 1645105-792655607356-PAYMENT FROM PH ONE,9823098909304641,14/09/2025,,18957.4,-859638.25
14/09/2025,UPI-BLINKIT-BLINKIT.PAYU@HDFCBANK-HDFC0M ERUPI-763205027877-UPIINTENT,1340292504497775,14/09/2025,88.16,,-859726.41
14/09/2025,UPI-UBER-8158066788@HDFCBANK HDFC0MERUPI-253422928734-RIDE PAYMENT,2626118900338830,14/09/2025,292.83,,-860019.24
14/09/2025,UPI-MSBEAUX FASHION-IBKPOS.EP80112@ICIC I-ICIC0000004-403270955364-PAYMENT FROM PHONE,5965196907532644,14/09/2025,6912.15,,-866931.39
15/09/2025,UPI-BPCL UFILL 8-PAYTMQR80699677@PAYTM-YE SB0PTMUPI-696575587104-PAYMENT FROM PHON E,3461209428924524,15/09/2025,1725.45,,-868656.84
15/09/2025,ACH/JIO/RECHARGE/4G PLAN,6279970324535057,15/09/2025,266.91,,-868923.75
15/09/2025,UPI-VIJAY SHREE TRADERS-SURENDRAGOYAL46@ OKSBI-BKID0008860-494933836657-PAYMENT F ROM PHONE,4674779286720161,15/09/2025,35977.94,,-904901.69
16/09/2025,UPI-BLINKIT-BLINKIT.PAYU@HDFCBANK-HDFC0M ERUPI-458217357265-UPIINTENT,2043193693960960,16/09/2025,458.53,,-905360.22
16/09/2025,UPI-OLA CABS-9550038404@PTYBL YESB0PTMUPI-997399372231-AUTO PAYMENT,6772285283624143,16/09/2025,1531.8,,-906892.02
17/09/2025,UPI-ZEPTO MARKETPLACE PR-ZEPTOMARKETPLAC 673057.RZP@RXAXIS-UTIB0000RZP-446036335615 94-PAYMENT FROM PHONE,4768957826531817,17/09/2025,795.49,,-907687.51
17/09/2025,UPI-RAKSHA NYATI-Q935223989@YBL-YESB0YBL UPI-229771204674-PAYMENT FROM PHONE,1050009262364448,17/09/2025,520.38,,-908207.89
17/09/2025,UPI-ETISHA MITTAL-9797587877-5@AXL-UBIN0 975126-150071312492-PAYMENT FROM PHONE,7084976840234264,17/09/2025,42361.25,,-950569.14
17/09/2025,UPI-KALA KUNJ KOTA-VYAPAR.835646011709@H DFCBANK-HDFC0MERUPI-447562678336-PAYMENT FROM PHONE,9329668720705966,17/09/2025,44203.81,,-994772.95
18/09/2025,UPI-RACHANA RAWAT-977504938R@AXL-FINO00 10001-243824656584-PAYMENT FROM PHONE,8655857081825142,18/09/2025,,20746.98,-974025.97
18/09/2025,UPI-TAKEUFORWARD-TAKEUFORWARD525893.RZP@ RXAIRTEL-AIRP0000011-620637957586-PAYMEN TTOTAKEUFORW,6229019162252198,18/09/2025,2900.9,,-976926.87
18/09/2025,UPI-VIJAY SHREE TRADERS-SURENDRAGOYAL68@ OKSBI-BKID0008860-537198859251-PAYMENT F ROM PHONE,2435304624504122,18/09/2025,12623.61,,-989550.48
19/09/2025,UPI-BPCL UFILL 5-PAYTMQR26582137@PAYTM-YE SB0PTMUPI-844165511770-PAYMENT FROM PHON E,6397506097774394,19/09/2025,896.85,,-990447.33
19/09/2025,UPI-TAKEUFORWARD-TAKEUFORWARD374001.RZP@ RXAIRTEL-AIRP0000011-532786136679-PAYMEN TTOTAKEUFORW,8791262528768099,19/09/2025,233.03,,-990680.36
20/09/2025,UPI-MAHESH KUMAR MALI-7657974169@YBL-SBI N0030057-502435347773-PAYMENT FROM PHONE,4389177216305697,20/09/2025,,44233.14,-946447.22
20/09/2025,UPI-BLINKIT-BLINKIT.PAYU@HDFCBANK-HDFC0M ERUPI-704793045556-UPIINTENT,5919940143409515,20/09/2025,735.57,,-947182.79
20/09/2025,UPI-JABIR HUSAIN TAI-7843741308@YBL-SBIN 56292-829096967417-PAYMENT FROM PHONE,3331685902571488,20/09/2025,8153.92,,-955336.71
21/09/2025,UPI-RACHANA RAWAT-345218088R@AXL-FINO00 50001-856578507312-PAYMENT FROM PHONE,8706067676135528,21/09/2025,,33436.99,-921899.72
21/09/2025,UPI-JAIN GENERAL AND STA-Q514076868@YBL- YESB0YBLUPI-586442493761-PAYMENT FROM PH ONE,5014481288964034,21/09/2025,1660.48,,-923560.2
21/09/2025,UPI-M S SUPREME TRANSPOR-SUPREMETRANSPOR T921-4@OKICICI-ICIC7207218-220403127493- PAYMENT FROM PHONE,2794170155052395,21/09/2025,484.15,,-924044.35
21/09/2025,UPI-MEESHO TECHNOLOGIES -MEESHOONLINEPG@ AXL-UTIB0AXLUPI-493710116460-UPI INTENT,1942242475222771,21/09/2025,4763.75,,-928808.1
21/09/2025,UPI-AVIRAL MITTAL-AVIRAL.23@YBL-SBIN003 0057-947335928012-PAYMENT FROM PHONE,8539618419191005,21/09/2025,21767.89,,-950575.99
21/09/2025,UPI-SHAILENDRA PRAJAPAT-PAYTM.S62702@PT Y-YESB0MCHUPI-642984241669-PAYMENT FROM PHONE,4907018734979707,21/09/2025,12739.41,,-963315.4
22/09/2025,UPI-BLINKIT-PAYTM-BLINKIT@PTYBL-YESB0PTM UPI-792190740550-BLINKIT PAYMENT,6255167998750627,22/09/2025,815.67,,-964131.07
24/09/2025,UPI-NETFLIX COM-NETFLIXUPI.PAYU@HDFCBANK -HDFC0MERUPI-645879713081-MONTHLY AUTOPA Y. C,3782388394718514,24/09/2025,129.98,,-964261.05
24/09/2025,UPI-BPCL UFILL 8-PAYTMQR11283525@PAYTM-YE SB0PTMUPI-349640194420-PAYMENT FROM PHON E,3855783283941063,24/09/2025,616.36,,-964877.41
24/09/2025,UPI-JABIR HUSAIN TAI-8059482050@YBL-SBIN 92282-657115130948-PAYMENT FROM PHONE,4401891766689716,24/09/2025,21467.79,,-986345.2
25/09/2025,UPI-BLINKIT-BLINKIT.PAYU@HDFCBANK-HDFC0M ERUPI-162573249510-UPIINTENT,6111178222926840,25/09/2025,799.43,,-987144.63
25/09/2025,UPI-NETFLIX COM-NETFLIXUPI.PAYU@HDFCBANK -HDFC0MERUPI-612674962870-MONTHLY AUTOPA Y. C,1155687805742118,25/09/2025,556.32,,-987700.95
25/09/2025,UPI-BPCL UFILL 6-PAYTMQR84064650@PAYTM-YE SB0PTMUPI-148784205951-PAYMENT FROM PHON E,9790385070460939,25/09/2025,481.42,,-988182.37
26/09/2025,UPI-ZOMATO LIMITED-ZOMATOFD.PAYU@HDFCBANK K-HDFC0MERUPI-957186936905-UPIINTENT,5658554256965857,26/09/2025,104.53,,-988286.9
26/09/2025,UPI-AIRTEL RECHARGE-AIRTELPREDIRECT1@AXL -UTIB0AXLUPI-119856073726-PAYMENT FROM P HONE,8177102044340874,26/09/2025,412.79,,-988699.69
26/09/2025,UPI-KALA KUNJ KOTA-VYAPAR.314035132303@H DFCBANK-HDFC0MERUPI-601186083755-PAYMENT FROM PHONE,9576217858261343,26/09/2025,17356.3,,-1006055.99
27/09/2025,UPI-RAKESH KUMAR SIOTA-SURESHSINGH11-1@O KHDFCBANK-HDFC2572396-848173211552-PAYME NT FROM PHONE,1524019209388113,27/09/2025,23067.08,,-1029123.07
28/09/2025,UPI-JAIN DAIRY COLDRINKS-Q914346805@YBL- YESB0YBLUPI-476016045226-PAYMENT FROM PH ONE,2382016133381785,28/09/2025,426.08,,-1029549.15
28/09/2025,UPI-APOLLO PHARMACIES LI-SBIPMOPAD.02PYM 155121539923-PAYMENT FROM PHONE,4480519895513332,28/09/2025,1868.68,,-1031417.83
28/09/2025,UPI-MAHESH KUMAR MALI-7790601463@YBL-SBI N0030057-196881331715-PAYMENT FROM PHONE,3518564146485211,28/09/2025,36026.04,,-1067443.87
01/10/2025,NEFT/INFOSYS LIMITED/MONTHLY SALARY,2118816188579145,01/10/2025,,82579,-984864.87
01/10/2025,UPI-VIJAY JUICE POINT-PAYTM.S25860@PTY- YESB0MCHUPI-335024086835-PAYMENT FROM PH ONE,4063766390685122,01/10/2025,117.37,,-984982.24
01/10/2025,UPI-LOCAL DHABA-PAYTMQR4132114@PTYS YESB0PTMUPI-843432012035-PAYMENT FROM PHONE,8036343433225822,01/10/2025,777.31,,-985759.55
01/10/2025,UPI-KWATRA-IBKPOS.EP543455@ICICI-ICIC000 4630-215392791929-PAYMENT FROM PHONE,6312974197373435,01/10/2025,23891.91,,-1009651.46
01/10/2025,UPI-RAKESH KUMAR BANJARA-KAMLESHPAT32-3@O KHDFCBANK-HDFC4738387-787528737347-PAYME NT FROM PHONE,1635275621870456,01/10/2025,13142.35,,-1022793.81
02/10/2025,UPI-MEESHO TECHNOLOGIES -MEESHOONLINEPG@ AXL-UTIB0AXLUPI-175634566430-UPI INTENT,2450721701231179,02/10/2025,4504.24,,-1027298.05
03/10/2025,UPI-VINOD-VINODBAGADA7@AXL-SBIN0030057-2 369053074827-PAYMENT FROM PHONE,6341457849972436,03/10/2025,,20447.58,-1006850.47
03/10/2025,UPI-MR PANKAJ BHAT-9065177810-1@YBL-CBI N6259884-764831258238-PAYMENT FROM PHONE,7648558127574255,03/10/2025,,30519.7,-976330.77
03/10/2025,UPI-ZEPTO MARKETPLACE PR-ZEPTO.PAYU@AXIS BANK-UTIB0000100-905474829283-PAYMENT FR OM PHONE,3252945400543197,03/10/2025,1535.93,,-977866.7
03/10/2025,UPI-SHAILENDRA PRAJAPAT-PAYTM.S25919@PT Y-YESB0MCHUPI-338530524429-PAYMENT FROM PHONE,1861818019577269,03/10/2025,28949.97,,-1006816.67
04/10/2025,UPI-DHOLPUR GAJAK AND BA-PAYTMQR5140374@P TYS-YESB0PTMUPI-391779700472-PAYMENT FRO M PHONE,5491112527495755,04/10/2025,419.55,,-1007236.22
05/10/2025,UPI-GHANSHYAM GURJAR-GHANSHYAMG413@AXL 4845250-116576484049-PAYMENT FROM PH ONE,3008890618028413,05/10/2025,,9127.53,-998108.69
05/10/2025,UPI-ZOMATO LIMITED-ZOMATOFD.PAYU@HDFCBANK K-HDFC0MERUPI-345468861804-UPIINTENT,8673577033480059,05/10/2025,301.62,,-998410.31
05/10/2025,UPI-FLIPKART PAYMENTS-PAYTM-87168016@PTY BL-YESB0PTMUPI-683885870927-EXPRESS,7513733755549033,05/10/2025,3047.4,,-1001457.71
06/10/2025,UPI-VINOD-VINODBAGADA2@AXL-SBIN0030057-9 876732237145-PAYMENT FROM PHONE,5444898656403824,06/10/2025,,23083.05,-978374.66
06/10/2025,UPI-RADESHYAM CHAUDHARY-DIMPALCHOUDHARY 8326@AXL-SBIN0030057-264124476663-PAYMENT T FROM PHONE,9176728449028388,06/10/2025,,3629.4,-974745.26
06/10/2025,UPI-DELHI WATCH ELECTR-GPAY-3453105305 53@OKBIZAXIS-UTIB0000553-906383384810-PAY MENT FROM PHONE,4792782454916593,06/10/2025,6982.03,,-981727.29
06/10/2025,UPI-KWATRA-IBKPOS.EP674094@ICICI-ICIC000 3679-767648153444-PAYMENT FROM PHONE,3864051429657907,06/10/2025,29058.25,,-1010785.54
07/10/2025,UPI-JABIR HUSAIN TAI-7547552599@YBL-SBIN 16109-773549706120-PAYMENT FROM PHONE,9299155261737567,07/10/2025,20513.94,,-1031299.48
08/10/2025,UPI-MR PANKAJ BHAT-9919170298-1@YBL-CBI N3976623-237281857600-PAYMENT FROM PHONE,2184577363985984,08/10/2025,,19038.76,-1012260.72
08/10/2025,UPI-RADESHYAM CHAUDHARY-DIMPALCHOUDHARY 9691@AXL-SBIN0030057-937886564737-PAYMENT T FROM PHONE,8500674727187855,08/10/2025,,16253.92,-996006.8
08/10/2025,UPI-MAHESH KUMAR MALI-8470706953@YBL-SBI N0030057-628518757438-PAYMENT FROM PHONE,1926358484084290,08/10/2025,,11444.8,-984562.0
08/10/2025,UPI-AVIRAL MITTAL-AVIRAL.23@YBL-SBIN003 0057-222567762141-PAYMENT FROM PHONE,9027811529322616,08/10/2025,27772.86,,-1012334.86
09/10/2025,UPI-BLINKIT-PAYTM-BLINKIT@PTYBL-YESB0PTM UPI-146275625038-BLINKIT PAYMENT,8066178328891048,09/10/2025,2842.64,,-1015177.5
09/10/2025,UPI-FLIPKART PAYMENTS-PAYTM-86795549@PTY BL-YESB0PTMUPI-746420292735-PAYMENT FROM PHONE,6125203219489530,09/10/2025,741.81,,-1015919.31
09/10/2025,UPI-MSBHUMI JUNCTION NX-EAZYPAY.ZKIAW36C 6SND4LR@ICICI-ICIC0DC0099-886782062615-P AYMENT FROM PHONE,8805833088333515,09/10/2025,169.18,,-1016088.49
09/10/2025,UPI-SHREERAM STATIONERY -Q73793690@YBL-B KID2784776-554656510519-PAYMENT FROM PHO NE,6752510799587371,09/10/2025,4771.54,,-1020860.03
09/10/2025,UPI-JABIR HUSAIN TAI-7217514899@YBL-SBIN 36819-122576425033-PAYMENT FROM PHONE,7916640401312795,09/10/2025,31210.25,,-1052070.28
10/10/2025,UPI-OLA CABS-9333316440@PTYBL YESB0PTMUPI-781216590123-AUTO PAYMENT,2204295571801790,10/10/2025,1917.08,,-1053987.36
10/10/2025,ACH/HDFC MF/SIP/EQUITY FUND,8107780701060592,10/10/2025,2617.67,,-1056605.03
11/10/2025,UPI-BLINKIT-BLINKIT.PAYU@HDFCBANK-HDFC0M ERUPI-348301513941-UPIINTENT,2244055515859839,11/10/2025,505.69,,-1057110.72
11/10/2025,UPI-IRCTC RAIL APP-IRCTCPGONLINE@AXL-UTI B0AXLUPI-954640913841-PAYMENT FOR 100006,3842878126409219,11/10/2025,1242.2,,-1058352.92
11/10/2025,UPI-TAKEUFORWARD-TAKEUFORWARD387827.RZP@ RXAIRTEL-AIRP0000011-879437623152-PAYMEN TTOTAKEUFORW,8325707437639062,11/10/2025,5790.5,,-1064143.42
11/10/2025,UPI-ETISHA MITTAL-7283755831-5@AXL-UBIN0 832433-776162305400-PAYMENT FROM PHONE,7990110283941977,11/10/2025,1255.42,,-1065398.84
12/10/2025,UPI-SAYUSH MITTAL-SAYUSHMITTAL42@OKHDFCB ANK-HDFC0005830-131898473009-UPI,7732290450527752,12/10/2025,,20522.21,-1044876.63
12/10/2025,UPI-OLA CABS-8190640453@PTYBL YESB0PTMUPI-602355871029-AUTO PAYMENT,2764706326952503,12/10/2025,1974.36,,-1046850.99
13/10/2025,UPI-MR PANKAJ BHAT-7173353283-5@YBL-CBI N5316662-395663417862-PAYMENT FROM PHONE,5375632107972916,13/10/2025,,25648.56,-1021202.43
13/10/2025,UPI-MR PANKAJ BHAT-8421484676-4@YBL-CBI N1724274-605767432191-PAYMENT FROM PHONE,7466529584733710,13/10/2025,,8691.75,-1012510.68
13/10/2025,UPI-VIJAY JUICE POINT-PAYTM.S45324@PTY- YESB0MCHUPI-422537181821-PAYMENT FROM PH ONE,4991068436786716,13/10/2025,720.95,,-1013231.63
13/10/2025,UPI-VIJAY JUICE POINT-PAYTM.S60447@PTY- YESB0MCHUPI-546503974446-PAYMENT FROM PH ONE,2538609911878541,13/10/2025,252.18,,-1013483.81
13/10/2025,UPI-DHOLPUR GAJAK AND BA-PAYTMQR8453773@P TYS-YESB0PTMUPI-350955063939-PAYMENT FRO M PHONE,6901771343663485,13/10/2025,381.78,,-1013865.59
13/10/2025,UPI-OLA CABS-7304444842@PTYBL YESB0PTMUPI-283572286710-AUTO PAYMENT,1976126909037275,13/10/2025,169.64,,-1014035.23
13/10/2025,ACH/JIO/RECHARGE/4G PLAN,3977139144502535,13/10/2025,292.36,,-1014327.59
13/10/2025,ACH/HDFC MF/SIP/EQUITY FUND,9032590756518258,13/10/2025,3304.46,,-1017632.05
14/10/2025,UPI-MAHESH KUMAR MALI-8390587768@YBL-SBI N0030057-577817335106-PAYMENT FROM PHONE,1124778213517357,14/10/2025,,23023.58,-994608.47
14/10/2025,UPI-SWIGGY-9906543044@HDFCBANK-HDFC0MERUP I-629541416899-SWIGGY FOOD,3326150575530322,14/10/2025,554.64,,-995163.11
14/10/2025,UPI-FLIPKART PAYMENTS-PAYTM-84327143@PTY BL-YESB0PTMUPI-755970626424-EXPRESS,1843865843261222,14/10/2025,846.12,,-996009.23
14/10/2025,NACH/BAJAJ FINANCE/EMI DEBIT,3485561714960797,14/10/2025,19713.64,,-1015722.87
15/10/2025,UPI-SWIGGY-8119642012@HDFCBANK-HDFC0MERUP I-477064698057-SWIGGY FOOD,5781033587974992,15/10/2025,552.58,,-1016275.45
15/10/2025,UPI-KALA KUNJ KOTA-VYAPAR.283308124045@H DFCBANK-HDFC0MERUPI-314786207984-PAYMENT FROM PHONE,8451540028222264,15/10/2025,6874.8,,-1023150.25
15/10/2025,UPI-KALA KUNJ KOTA-VYAPAR.693806170463@H DFCBANK-HDFC0MERUPI-506449770218-PAYMENT FROM PHONE,7226017948343137,15/10/2025,11958.58,,-1035108.83
15/10/2025,UPI-MAHESH KUMAR MALI-9169799271@YBL-SBI N0030057-444995597016-PAYMENT FROM PHONE,2338103242915873,15/10/2025,38954.78,,-1074063.61
16/10/2025,UPI-SAYUSH MITTAL-SAYUSHMITTAL73@OKHDFCB ANK-HDFC0005830-438398313187-UPI,4962856495415664,16/10/2025,,35969.86,-1038093.75
16/10/2025,UPI-BLINKIT-PAYTM-BLINKIT@PTYBL-YESB0PTM UPI-521360033839-BLINKIT PAYMENT,8890464556111318,16/10/2025,62.37,,-1038156.12
16/10/2025,UPI-BLINKIT-PAYTM-BLINKIT@PTYBL-YESB0PTM UPI-882855672672-BLINKIT PAYMENT,5631509290496287,16/10/2025,742.68,,-1038898.8
16/10/2025,UPI-SAMRIYA KIRANA STORE-VYAPAR.25653524 5847@HDFCBANK-HDFC0MERUPI-383614662686-P AYMENT FROM PHONE,8325866304151248,16/10/2025,2679.91,,-1041578.71
16/10/2025,UPI-IRCTC RAIL APP-IRCTCPGONLINE@AXL-UTI B0AXLUPI-830860036521-PAYMENT FOR 100006,6179381151294707,16/10/2025,268.8,,-1041847.51
16/10/2025,UPI-FLIPKART PAYMENTS-PAYTM-34879789@PTY BL-YESB0PTMUPI-218755274787-PAYMENT FROM PHONE,9143160969142060,16/10/2025,916.66,,-1042764.17
16/10/2025,UPI-SHAILENDRA PRAJAPAT-PAYTM.S38221@PT Y-YESB0MCHUPI-797656092295-PAYMENT FROM PHONE,4007335842298811,16/10/2025,9258.31,,-1052022.48
16/10/2025,UPI-VIJAY SHREE TRADERS-SURENDRAGOYAL54@ OKSBI-BKID0008860-695100585866-PAYMENT F ROM PHONE,7424184366494592,16/10/2025,17733.5,,-1069755.98
16/10/2025,UPI-SHAILENDRA PRAJAPAT-PAYTM.S96995@PT Y-YESB0MCHUPI-230228813261-PAYMENT FROM PHONE,8037896676405593,16/10/2025,314.45,,-1070070.43
18/10/2025,UPI-BPCL UFILL 7-PAYTMQR22532547@PAYTM-YE SB0PTMUPI-674504606906-PAYMENT FROM PHON E,4212039653590537,18/10/2025,1508.95,,-1071579.38
18/10/2025,UPI-AIRTEL RECHARGE-AIRTELPREDIRECT2@AXL -UTIB0AXLUPI-617867717077-PAYMENT FROM P HONE,2121864020268280,18/10/2025,765.17,,-1072344.55
18/10/2025,ACH/JIO/RECHARGE/4G PLAN,8983400763537629,18/10/2025,401.54,,-1072746.09
19/10/2025,UPI-APOLLO PHARMACIES LI-SBIPMOPAD.02PYM 619370058760-PAYMENT FROM PHONE,8343861513924295,19/10/2025,1267.78,,-1074013.87
20/10/2025,UPI-BLINKIT-BLINKIT.PAYU@HDFCBANK-HDFC0M ERUPI-766092323833-UPIINTENT,5481048841241731,20/10/2025,714.75,,-1074728.62
20/10/2025,UPI-IRCTC RAIL APP-IRCTCPGONLINE@YBL-YES B0YBLUPI-740069942428-PAYMENT FOR 100006,9981746720911092,20/10/2025,1309.63,,-1076038.25
20/10/2025,UPI-OLA CABS-7081011888@PTYBL YESB0PTMUPI-143232777004-AUTO PAYMENT,5271961503727899,20/10/2025,225.27,,-1076263.52
21/10/2025,UPI-GHANSHYAM GURJAR-GHANSHYAMG826@AXL 8656225-970740712238-PAYMENT FROM PH ONE,7785456872922586,21/10/2025,,3183.98,-1073079.54
21/10/2025,UPI-SHAILENDRA PRAJAPAT-PAYTM.S11520@PT Y-YESB0MCHUPI-839540678193-PAYMENT FROM PHONE,7355980530692550,21/10/2025,27708.26,,-1100787.8
22/10/2025,UPI-BIGBASKET-9579773363@HDFCBANK HDFC0MERUPI-402560779837-GROCERY ORDER,3896455629691819,22/10/2025,361.92,,-1101149.72
22/10/2025,UPI-ETISHA MITTAL-7492986152-1@AXL-UBIN0 384555-659896724912-PAYMENT FROM PHONE,1840033116408296,22/10/2025,3180.08,,-1104329.8
22/10/2025,UPI-JABIR HUSAIN TAI-7794606792@YBL-SBIN 27902-602829490086-PAYMENT FROM PHONE,3410174392015775,22/10/2025,12633.47,,-1116963.27
22/10/2025,UPI-ETISHA MITTAL-8641794166-2@AXL-UBIN0 185636-959062357787-PAYMENT FROM PHONE,9615322657191630,22/10/2025,29325.52,,-1146288.79
23/10/2025,UPI-LOCAL DHABA-PAYTMQR2290224@PTYS YESB0PTMUPI-412571769482-PAYMENT FROM PHONE,6853752818810469,23/10/2025,525.31,,-1146814.1
23/10/2025,UPI-IRCTC RAIL APP-IRCTCPGONLINE@YBL-YES B0YBLUPI-823406856714-PAYMENT FOR 100006,3006497475361964,23/10/2025,249.15,,-1147063.25
23/10/2025,UPI-SHAILENDRA PRAJAPAT-PAYTM.S72703@PT Y-YESB0MCHUPI-302904877322-PAYMENT FROM PHONE,3183850647518612,23/10/2025,12271.37,,-1159334.62
23/10/2025,UPI-MAHESH KUMAR MALI-9192859643@YBL-SBI N0030057-928777350192-PAYMENT FROM PHONE,4562426205333881,23/10/2025,36731.31,,-1196065.93
23/10/2025,UPI-RAKESH KUMAR SIOTA-RAKESHSIOTA77-4@O KHDFCBANK-HDFC6253057-395975199268-PAYME NT FROM PHONE,9568503501666141,23/10/2025,1865.83,,-1197931.76
24/10/2025,UPI-CHAAYOS-7727499463@HDFCBANK HDFC0MERUPI-381900167352-PAYMENT FROM PHONE,3722139299305084,24/10/2025,313.77,,-1198245.53
24/10/2025,UPI-RAJ MEDICAL STORES-GPAY-80010713330@ OKBIZAXIS-UTIB0000553-405677276554-PAYME NT FROM PHONE,5039388168384469,24/10/2025,1147.13,,-1199392.66
25/10/2025,UPI-SAYUSH MITTAL-SAYUSHMITTAL58@OKHDFCB ANK-HDFC0005830-344719344201-UPI,2155219794511282,25/10/2025,,24475.56,-1174917.1
25/10/2025,UPI-ZOMATO-PAYZOMATO@HDFCBANK-HDFC0MERUP I-129750337583-PAYMENT FROM PHONE,5337837677333476,25/10/2025,428.45,,-1175345.55
25/10/2025,UPI-IRCTC RAIL APP-IRCTCPGONLINE@YBL-YES B0YBLUPI-786438773238-PAYMENT FOR 100006,4098506711346767,25/10/2025,1634.26,,-1176979.81
25/10/2025,UPI-EKART-EKART2.PAYU@AXISBANK-UTIB00001 00-779734018464-UPIQR,9330755848147131,25/10/2025,1031.42,,-1178011.23
25/10/2025,UPI-DHAKAD ELECTRICALS-MAB.2565390616 86@AXISBANK-UTIB0000100-259784430624-PAY MENT FROM PHONE,5917580038178586,25/10/2025,1441.55,,-1179452.78
25/10/2025,UPI-SHAILENDRA PRAJAPAT-PAYTM.S22705@PT Y-YESB0MCHUPI-926829862456-PAYMENT FROM PHONE,6180857712133585,25/10/2025,40770.47,,-1220223.25
26/10/2025,UPI-BLINKIT-BLINKIT.PAYU@HDFCBANK-HDFC0M ERUPI-487161611474-UPIINTENT,4647907509708074,26/10/2025,719.22,,-1220942.47
27/10/2025,UPI-MAHESH KUMAR MALI-9722146235@YBL-SBI N0030057-309278249557-PAYMENT FROM PHONE,1373266630609622,27/10/2025,,3247.07,-1217695.4
27/10/2025,UPI-VINOD-VINODBAGADA8@AXL-SBIN0030057-7 604806702423-PAYMENT FROM PHONE,3035824706000344,27/10/2025,,26779.58,-1190915.82
27/10/2025,UPI-NETFLIX COM-NETFLIXUPI.PAYU@HDFCBANK -HDFC0MERUPI-281778059275-MONTHLY AUTOPA Y. C,2135196582522527,27/10/2025,779.98,,-1191695.8
28/10/2025,UPI-VINOD-VINODBAGADA1@AXL-SBIN0030057-2 511436679017-PAYMENT FROM PHONE,9397094453241568,28/10/2025,,18688.63,-1173007.17
28/10/2025,UPI-VINOD-VINODBAGADA1@AXL-SBIN0030057-8 421430168243-PAYMENT FROM PHONE,9860625980582001,28/10/2025,,32851.65,-1140155.52
28/10/2025,UPI-VINOD-VINODBAGADA4@AXL-SBIN0030057-8 477848681123-PAYMENT FROM PHONE,7775064551194775,28/10/2025,,36278.21,-1103877.31
28/10/2025,UPI-BLINKIT-PAYTM-BLINKIT@PTYBL-YESB0PTM UPI-161121021824-BLINKIT PAYMENT,3896696602158496,28/10/2025,2407.63,,-1106284.94
28/10/2025,UPI-AIRTEL RECHARGE-AIRTELPREDIRECT3@YBL -YESB0YBLUPI-194886788726-PAYMENT FROM P HONE,1791263938002682,28/10/2025,1799.21,,-1108084.15
28/10/2025,UPI-KALA KUNJ KOTA-VYAPAR.904005505001@H DFCBANK-HDFC0MERUPI-202394459735-PAYMENT FROM PHONE,2918070411070731,28/10/2025,37388.11,,-1145472.26
01/11/2025,NEFT/INFOSYS LIMITED/MONTHLY SALARY,8027808015637258,01/11/2025,,85974,-1059498.26
01/11/2025,UPI-NETFLIX COM-NETFLIXUPI.PAYU@HDFCBANK -HDFC0MERUPI-209912527064-MONTHLY AUTOPA Y. C,5942475718336578,01/11/2025,597.53,,-1060095.79
02/11/2025,UPI-RADESHYAM CHAUDHARY-DIMPALCHOUDHARY 1768@AXL-SBIN0030057-747231113487-PAYMENT T FROM PHONE,5570720478241942,02/11/2025,,37734.51,-1022361.28
03/11/2025,UPI-MR PANKAJ BHAT-8284661041-1@YBL-CBI N5810905-171945953879-PAYMENT FROM PHONE,5184951693460722,03/11/2025,,32191.79,-990169.49
03/11/2025,UPI-SWIGGY-9948978087@HDFCBANK-HDFC0MERUP I-287964517293-SWIGGY FOOD,2308649285862629,03/11/2025,680.12,,-990849.61
03/11/2025,UPI-SWIGGY-9340933280@HDFCBANK-HDFC0MERUP I-960316344123-SWIGGY FOOD,7738272544843522,03/11/2025,444.93,,-991294.54
03/11/2025,UPI-OLA CABS-7452220776@PTYBL YESB0PTMUPI-639921046823-AUTO PAYMENT,3168966723733612,03/11/2025,865.18,,-992159.72
03/11/2025,UPI-VIJAY SHREE TRADERS-SURENDRAGOYAL61@ OKSBI-BKID0008860-377730659266-PAYMENT F ROM PHONE,9017630985506519,03/11/2025,33209.68,,-1025369.4
04/11/2025,UPI-RADESHYAM CHAUDHARY-DIMPALCHOUDHARY 8755@AXL-SBIN0030057-550442041965-PAYMENT T FROM PHONE,5759651658899204,04/11/2025,,37342.48,-988026.92
04/11/2025,UPI-JAIN GENERAL AND STA-Q444643326@YBL- YESB0YBLUPI-668970602981-PAYMENT FROM PH ONE,5336549492321898,04/11/2025,2291.89,,-990318.81
04/11/2025,UPI-MAHESH KUMAR MALI-7242935822@YBL-SBI N0030057-640497017566-PAYMENT FROM PHONE,9897359435387658,04/11/2025,24068.11,,-1014386.92
05/11/2025,UPI-FLIPKART PAYMENTS-PAYTM-28913779@PTY BL-YESB0PTMUPI-902656907681-PAYMENT FROM PHONE,7336903957873296,05/11/2025,2280.16,,-1016667.08
05/11/2025,UPI-DHAKAD ELECTRICALS-MAB.9891612770 89@AXISBANK-UTIB0000100-172019967503-PAY MENT FROM PHONE,9535889296499143,05/11/2025,1938.7,,-1018605.78
05/11/2025,UPI-EKART-EKART2.PAYU@AXISBANK-UTIB00001 00-166829319914-UPIQR,3814110096437712,05/11/2025,5229.89,,-1023835.67
06/11/2025,UPI-EKART-EKART2.PAYU@AXISBANK-UTIB00001 00-363098829877-UPIQR,8690788083249699,06/11/2025,4212.96,,-1028048.63
06/11/2025,UPI-EKART-EKART2.PAYU@AXISBANK-UTIB00001 00-725588334968-UPIQR,9514026681300506,06/11/2025,3935.55,,-1031984.18
06/11/2025,UPI-MR SIDDHARTH CHHABR-Q308548913@YBL-217880192352 YESB0YBLUPI-470212121189-PAYMENT FROM PH ONE,1824413579045457,06/11/2025,21424.31,,-1053408.49
06/11/2025,UPI-SHAILENDRA PRAJAPAT-PAYTM.S22948@PT Y-YESB0MCHUPI-920884180457-PAYMENT FROM PHONE,9989990332066879,06/11/2025,576.47,,-1053984.96
06/11/2025,UPI-DINESH KUMAR PATIDA-SURESHSINGH39-1@O KHDFCBANK-HDFC6996636-586674174530-PAYME NT FROM PHONE,3890583626616020,06/11/2025,19177.85,,-1073162.81
06/11/2025,UPI-KALA KUNJ KOTA-VYAPAR.328230062216@H DFCBANK-HDFC0MERUPI-549116033287-PAYMENT FROM PHONE,5463274869920260,06/11/2025,40894.97,,-1114057.78
07/11/2025,UPI-AMAZON PAY-7558048482@AMAZON UTIB0000100-622335636772-ORDER PAYMENT,4349009118930692,07/11/2025,3376.79,,-1117434.57
07/11/2025,UPI-EKART-EKART@YBL-YESB0YBLUPI-17282906 3750-PAYMENT FOR REFCL4,5929980586227866,07/11/2025,5263.78,,-1122698.35
09/11/2025,UPI-SAYUSH MITTAL-SAYUSHMITTAL94@OKHDFCB ANK-HDFC0005830-205416912903-UPI,8753921802338210,09/11/2025,,435.78,-1122262.57
09/11/2025,UPI-NETFLIX COM-NETFLIXUPI.PAYU@HDFCBANK -HDFC0MERUPI-698245269228-MONTHLY AUTOPA Y. C,7617580641114970,09/11/2025,565.9,,-1122828.47
09/11/2025,UPI-ZEPTO MARKETPLACE PR-ZEPTOMARKETPLAC 911149.RZP@RXAXIS-UTIB0000RZP-333913391232 73-PAYMENT FROM PHONE,8129921842490051,09/11/2025,2821.94,,-1125650.41
10/11/2025,UPI-UBER-9372068096@HDFCBANK HDFC0MERUPI-155732254040-RIDE PAYMENT,5963156668051910,10/11/2025,773.04,,-1126423.45
11/11/2025,UPI-BLINKIT-PAYTM-BLINKIT@PTYBL-YESB0PTM UPI-649688944814-BLINKIT PAYMENT,3082041306425560,11/11/2025,2047.22,,-1128470.67
11/11/2025,UPI-IRCTC RAIL APP-IRCTCPGONLINE@AXL-UTI B0AXLUPI-721452193563-PAYMENT FOR 100006,6720243393183566,11/11/2025,655.77,,-1129126.44
11/11/2025,UPI-EKART-EKART2.PAYU@AXISBANK-UTIB00001 00-487321906108-UPIQR,9654196564259432,11/11/2025,2527.0,,-1131653.44
12/11/2025,UPI-NETFLIX COM-NETFLIXUPI.PAYU@HDFCBANK -HDFC0MERUPI-435564712911-MONTHLY AUTOPA Y. C,1896188789572449,12/11/2025,615.74,,-1132269.18
13/11/2025,UPI-DEVKARAN MEENA-7866240865@YBL-FINO00 73139-840424856785-PAYMENT FROM PHONE,6448022569527732,13/11/2025,,42099.23,-1090169.95
13/11/2025,UPI-VIJAY JUICE POINT-PAYTM.S32930@PTY- YESB0MCHUPI-168462383300-PAYMENT FROM PH ONE,3344763763951402,13/11/2025,346.7,,-1090516.65
13/11/2025,UPI-RAVI CARPENTER-8257314149@YBL-SBIN0 98482-889141065678-PAYMENT FROM PHONE,5762789559694798,13/11/2025,1371.21,,-1091887.86
13/11/2025,UPI-AMAZON PAY-7856506811@AMAZON UTIB0000100-982767399921-ORDER PAYMENT,6996609147145577,13/11/2025,2635.26,,-1094523.12
13/11/2025,NACH/BAJAJ FINANCE/EMI DEBIT,9802243172777990,13/11/2025,19936.07,,-1114459.19
14/11/2025,UPI-IRCTC RAIL APP-IRCTCPGONLINE@YBL-YES B0YBLUPI-261065744552-PAYMENT FOR 100006,9760012823355298,14/11/2025,1612.68,,-1116071.87
14/11/2025,UPI-TAKEUFORWARD-TAKEUFORWARD950238.RZP@ RXAIRTEL-AIRP0000011-231896534996-PAYMEN TTOTAKEUFORW,2462245745910567,14/11/2025,4465.19,,-1120537.06
14/11/2025,UPI-SHAILENDRA PRAJAPAT-PAYTM.S49683@PT Y-YESB0MCHUPI-813197480872-PAYMENT FROM PHONE,5816430642055200,14/11/2025,17566.35,,-1138103.41
14/11/2025,UPI-KWATRA-IBKPOS.EP912649@ICICI-ICIC000 9253-783984402809-PAYMENT FROM PHONE,6822863881874166,14/11/2025,2508.53,,-1140611.94
15/11/2025,UPI-RADESHYAM CHAUDHARY-DIMPALCHOUDHARY 1851@AXL-SBIN0030057-193632025249-PAYMENT T FROM PHONE,2739727698034654,15/11/2025,,21204.6,-1119407.34
15/11/2025,UPI-ZOMATO-PAYZOMATO@HDFCBANK-HDFC0MERUP I-963038558471-PAYMENT FROM PHONE,2776662599787161,15/11/2025,702.84,,-1120110.18
15/11/2025,UPI-AIRTEL RECHARGE-AIRTELPREDIRECT3@AXL -UTIB0AXLUPI-701266807763-PAYMENT FROM P HONE,4852553162860937,15/11/2025,1035.46,,-1121145.64
15/11/2025,UPI-APOLLO PHARMACIES LI-SBIPMOPAD.02PYM 369247741143-PAYMENT FROM PHONE,8286347890016131,15/11/2025,392.76,,-1121538.4
16/11/2025,UPI-VINOD-VINODBAGADA2@AXL-SBIN0030057-1 427186969500-PAYMENT FROM PHONE,9011371512767066,16/11/2025,,20248.98,-1101289.42
16/11/2025,UPI-BLINKIT-BLINKIT.PAYU@HDFCBANK-HDFC0M ERUPI-568702366329-UPIINTENT,1947149389316811,16/11/2025,248.56,,-1101537.98
16/11/2025,UPI-JAIN DAIRY COLDRINKS-Q908118790@YBL- YESB0YBLUPI-322086215489-PAYMENT FROM PH ONE,8664275228919130,16/11/2025,466.49,,-1102004.47
16/11/2025,UPI-BLINKIT-PAYTM-BLINKIT@PTYBL-YESB0PTM UPI-422516793815-BLINKIT PAYMENT,9684597408681101,16/11/2025,2761.3,,-1104765.77
16/11/2025,UPI-BPCL UFILL 5-PAYTMQR39346387@PAYTM-YE SB0PTMUPI-480856370225-PAYMENT FROM PHON E,8708906723609585,16/11/2025,1112.8,,-1105878.57
16/11/2025,UPI-KALA KUNJ KOTA-VYAPAR.540759822522@H DFCBANK-HDFC0MERUPI-460918533861-PAYMENT FROM PHONE,9029132524454707,16/11/2025,34506.74,,-1140385.31
17/11/2025,UPI-CHAAYOS-7288036615@HDFCBANK HDFC0MERUPI-646594078597-PAYMENT FROM PHONE,8243844967274066,17/11/2025,228.86,,-1140614.17
17/11/2025,UPI-RAVI CARPENTER-9705868568@YBL-SBIN0 41283-794598142911-PAYMENT FROM PHONE,6065440383940254,17/11/2025,479.08,,-1141093.25
17/11/2025,UPI-VIJAY SHREE TRADERS-SURENDRAGOYAL75@ OKSBI-BKID0008860-844269516365-PAYMENT F ROM PHONE,9401063567196380,17/11/2025,27631.08,,-1168724.33
17/11/2025,UPI-MR SIDDHARTH CHHABR-Q886260976@YBL-495905616395 YESB0YBLUPI-471170103099-PAYMENT FROM PH ONE,7539990139063042,17/11/2025,32272.03,,-1200996.36
20/11/2025,UPI-AIRTEL RECHARGE-AIRTELPREDIRECT2@AXL -UTIB0AXLUPI-604721697720-PAYMENT FROM P HONE,8739247301478569,20/11/2025,1186.18,,-1202182.54
20/11/2025,UPI-VIJAY SHREE TRADERS-SURENDRAGOYAL70@ OKSBI-BKID0008860-241007151986-PAYMENT F ROM PHONE,3961059555967668,20/11/2025,43541.47,,-1245724.01
21/11/2025,UPI-ZOMATO LIMITED-ZOMATOFD.PAYU@HDFCBANK K-HDFC0MERUPI-536579498700-UPIINTENT,8106053628205510,21/11/2025,712.71,,-1246436.72
21/11/2025,UPI-OLA CABS-7259756656@PTYBL YESB0PTMUPI-166727007944-AUTO PAYMENT,8637820205817998,21/11/2025,1151.93,,-1247588.65
21/11/2025,UPI-BPCL UFILL 6-PAYTMQR66775875@PAYTM-YE SB0PTMUPI-506934350376-PAYMENT FROM PHON E,1086146544078613,21/11/2025,1637.56,,-1249226.21
21/11/2025,UPI-KALA KUNJ KOTA-VYAPAR.444212325955@H DFCBANK-HDFC0MERUPI-627321040431-PAYMENT FROM PHONE,5572098732242644,21/11/2025,7131.87,,-1256358.08
22/11/2025,UPI-MR PANKAJ BHAT-8942842556-5@YBL-CBI N5582676-528197259310-PAYMENT FROM PHONE,3568481444975365,22/11/2025,,3051.58,-1253306.5
22/11/2025,UPI-EKART-EKART2.PAYU@AXISBANK-UTIB00001 00-547053667150-UPIQR,6699569391950252,22/11/2025,2997.78,,-1256304.28
22/11/2025,UPI-RAKESH KUMAR PATIDA-KAMLESHPAT59-2@O KHDFCBANK-HDFC6707734-676650687317-PAYME NT FROM PHONE,2907630600949963,22/11/2025,23993.71,,-1280297.99
23/11/2025,UPI-VINOD-VINODBAGADA9@AXL-SBIN0030057-4 295167822347-PAYMENT FROM PHONE,3147558255559684,23/11/2025,,39292.76,-1241005.23
23/11/2025,UPI-SAYUSH MITTAL-SAYUSHMITTAL91@OKHDFCB ANK-HDFC0005830-170644666660-UPI,2195221184649470,23/11/2025,,23691.86,-1217313.37
23/11/2025,UPI-ZOMATO LIMITED-ZOMATOFD.PAYU@HDFCBANK K-HDFC0MERUPI-589336217411-UPIINTENT,7692821914892100,23/11/2025,415.73,,-1217729.1
23/11/2025,UPI-ZEPTO MARKETPLACE PR-ZEPTO.PAYU@AXIS BANK-UTIB0000100-742679423479-PAYMENT FR OM PHONE,2374709804668998,23/11/2025,2881.14,,-1220610.24
23/11/2025,UPI-APOLLO PHARMACIES LI-SBIPMOPAD.02PYM 333140715050-PAYMENT FROM PHONE,1956211851743497,23/11/2025,392.39,,-1221002.63
23/11/2025,UPI-APOLLO PHARMACIES LI-SBIPMOPAD.02PYM 803616521795-PAYMENT FROM PHONE,5559556974169826,23/11/2025,1222.0,,-1222224.63
23/11/2025,UPI-SRN PRINTERS-BHARATPE.37679280900@FB PE-FDRL0001382-867069485767-PAY TO BHARA TPE ME,6592440840162026,23/11/2025,1148.12,,-1223372.75
24/11/2025,UPI-BPCL UFILL 5-PAYTMQR65829013@PAYTM-YE SB0PTMUPI-671342969441-PAYMENT FROM PHON E,3716868463670267,24/11/2025,1084.14,,-1224456.89
24/11/2025,UPI-JABIR HUSAIN TAI-7386987341@YBL-SBIN 27383-160540055804-PAYMENT FROM PHONE,4792494491647771,24/11/2025,38318.99,,-1262775.88
25/11/2025,UPI-MAHESH KUMAR MALI-9367308800@YBL-SBI N0030057-777819185821-PAYMENT FROM PHONE,1744573131428443,25/11/2025,,27866.03,-1234909.85
25/11/2025,UPI-SAYUSH MITTAL-SAYUSHMITTAL76@OKHDFCB ANK-HDFC0005830-285349639362-UPI,9205722902614042,25/11/2025,,37529.08,-1197380.77
25/11/2025,UPI-DEVKARAN MEENA-7021250766@YBL-FINO00 48140-910217579660-PAYMENT FROM PHONE,2501433142769946,25/11/2025,,38289.88,-1159090.89
25/11/2025,UPI-CHAAYOS-9669227679@HDFCBANK HDFC0MERUPI-723473847461-PAYMENT FROM PHONE,8202542102642503,25/11/2025,783.67,,-1159874.56
25/11/2025,UPI-RAVI CARPENTER-9813364464@YBL-SBIN0 42300-517330914027-PAYMENT FROM PHONE,7140320393912788,25/11/2025,1305.44,,-1161180.0
26/11/2025,UPI-GHANSHYAM GURJAR-GHANSHYAMG918@AXL 1102466-450120433473-PAYMENT FROM PH ONE,6087580998074546,26/11/2025,,22838.41,-1138341.59
26/11/2025,UPI-ZERODHA-7170157656@ZERODHA,4764944933563852,26/11/2025,5766.38,,-1144107.97
27/11/2025,BBPS/BESCOM/ELECTRICITY/BILL PAY,8950703671328595,27/11/2025,986.45,,-1145094.42
27/11/2025,UPI-SHAILENDRA PRAJAPAT-PAYTM.S27894@PT Y-YESB0MCHUPI-747803535725-PAYMENT FROM PHONE,7513630963001259,27/11/2025,13186.72,,-1158281.14
27/11/2025,UPI-AVIRAL MITTAL-AVIRAL.23@YBL-SBIN003 0057-393424879815-PAYMENT FROM PHONE,3554064442178096,27/11/2025,20159.39,,-1178440.53
28/11/2025,UPI-SAMRIYA KIRANA STORE-VYAPAR.22673668 9277@HDFCBANK-HDFC0MERUPI-649834843761-P AYMENT FROM PHONE,6690539809864697,28/11/2025,1823.39,,-1180263.92
28/11/2025,UPI-AIRTEL RECHARGE-AIRTELPREDIRECT1@AXL -UTIB0AXLUPI-629932203656-PAYMENT FROM P HONE,2615206208629817,28/11/2025,80.14,,-1180344.06
28/11/2025,UPI-JABIR HUSAIN TAI-8146510994@YBL-SBIN 78266-474511807382-PAYMENT FROM PHONE,1658769064082042,28/11/2025,31225.17,,-1211569.23
