Date,Description,Debit,Credit,Balance
01/01/2025,NEFT/INFOSYS BPO/SALARY/OCTOBER,,88238,133238.0
02/01/2025,UPI/FASTAG/NHAI/TOLL PAYMENT,1223.17,,132014.83
02/01/2025,ATM/SBI ATM/KORAMANGALA/CASH,4578.91,,127435.92
02/01/2025,NEFT/EMPLOYER/SALARY CREDIT,,84990,212425.92
02/01/2025,UPI/P2A/NILGIRIS/DAIRY PRODUCTS,2074.2,,210351.72
02/01/2025,BBPS/JIO/RECHARGE/4G PLAN,208.16,,210143.56
03/01/2025,UPI/OLA CABS/8765401239/AUTO,1153.21,,208990.35
04/01/2025,UPI/SUBWAY/6543210987/SANDWICH,638.35,,208352.0
04/01/2025,UPI/CROMA/8765234900/ELECTRONICS,5612.83,,202739.17
04/01/2025,UPI/CROMA/8765234900/ELECTRONICS,7172.85,,195566.32
05/01/2025,UPI/MAKEMYTRIP/5432901670/FLIGHT BLR DEL,430.21,,195136.11
06/01/2025,UPI/P2A/SARAVANA BHAVAN/RESTAURANT,649.07,,194487.04
06/01/2025,UPI/FASTAG/NHAI/TOLL PAYMENT,1204.75,,193282.29
06/01/2025,POS/RELIANCE DIGITAL/KORAMANGALA/GADGET,3902.93,,189379.36
06/01/2025,UPI/VODAFONE IDEA/MOBILE BILL,1440.57,,187938.79
06/01/2025,POS/KFC INDIA/BANGALORE/DEBIT,503.21,,187435.58
06/01/2025,UPI/OLA CABS/8765401239/AUTO,177.3,,187258.28
06/01/2025,UPI/MAKEMYTRIP/5432901670/FLIGHT BLR DEL,702.22,,186556.06
06/01/2025,ACH/SBI MF/SIP/BLUECHIP FUND,9809.65,,176746.41
07/01/2025,UPI/P2A/SARAVANA BHAVAN/RESTAURANT,778.61,,175967.8
07/01/2025,UPI/REDBUS/4321890560/BUS TICKET,1376.65,,174591.15
07/01/2025,UPI/P2A/DOMINOS PIZZA INDIA/FOOD,568.14,,174023.01
08/01/2025,UPI/FASTAG/NHAI/TOLL PAYMENT,312.03,,173710.98
08/01/2025,UPI/RAPIDO/7654390128/BIKE TAXI,1496.2,,172214.78
08/01/2025,UPI/GOIBIBO/1099900019/FLIGHT TICKET,4246.97,,167967.81
08/01/2025,UPI/REDBUS/4321890560/BUS TICKET,653.36,,167314.45
08/01/2025,UPI/AMAZON PRIME/0988000010/MEMBERSHIP,583.17,,166731.28
09/01/2025,NEFT/TRANSFER/RENT PAYMENT,14372.62,,152358.66
09/01/2025,UPI/ZOMATO/8765432109/ZOMATO*ORDER,531.31,,151827.35
09/01/2025,POS/COLUMBIA ASIA/HOSPITAL/CONSULTATION,652.43,,151174.92
10/01/2025,POS/DMART/BANGALORE/GROCERY,2967.49,,148207.43
10/01/2025,UPI/HOTSTAR/1098900009/SUBSCRIPTION,304.88,,147902.55
10/01/2025,UPI/GASPAY/IGL/PIPED GAS,1591.11,,146311.44
10/01/2025,UPI/BOOKMYSHOW/4321600006/MOVIE TICKETS,386.39,,145925.05
11/01/2025,POS/SPAR HYPERMARKET/KORAMANGALA,925.76,,144999.29
12/01/2025,UPI/RELIANCE SMART/1098765432,1260.92,,143738.37
13/01/2025,UPI/P2A/SARAVANA BHAVAN/RESTAURANT,348.36,,143390.01
13/01/2025,UPI/BLINKIT/7654321098/QUICK GROCERY,339.4,,143050.61
13/01/2025,UPI/IXIGO/6543012780/TRAIN TICKET,621.9,,142428.71
13/01/2025,UPI/ZOMATO/8765432109/ZOMATO*ORDER,664.11,,141764.6
13/01/2025,UPI/P2A/DOMINOS PIZZA INDIA/FOOD,751.22,,141013.38
13/01/2025,POS/KFC INDIA/BANGALORE/DEBIT,432.6,,140580.78
14/01/2025,UPI/ZOMATO/8765432109/ZOMATO*ORDER,315.89,,140264.89
14/01/2025,NEFT/STARBUCKS INDIA/COFFEE,477.15,,139787.74
14/01/2025,UPI/APOLLO PHARMACY/9876100001/MEDICINES,1770.54,,138017.2
15/01/2025,INTEREST CREDIT/SAVINGS ACCOUNT,,214,138231.2
15/01/2025,POS/MORE SUPERMARKET/ELECTRONIC CITY,2198.51,,136032.69
16/01/2025,UPI/NETMEDS/7654300003/PHARMA,254.53,,135778.16
16/01/2025,UPI/SPOTIFY/2109800008/PREMIUM,680.23,,135097.93
16/01/2025,UPI/SPOTIFY/2109800008/PREMIUM,765.4,,134332.53
16/01/2025,UPI/RELIANCE SMART/1098765432,1140.55,,133191.98
17/01/2025,UPI/SUBWAY/6543210987/SANDWICH,601.01,,132590.97
17/01/2025,BBPS/BWSSB/WATER BILL/PAYMENT,2299.04,,130291.93
17/01/2025,BBPS/JIO/RECHARGE/4G PLAN,1600.63,,128691.3
17/01/2025,POS/PETRO BUNK/HPCL/FUEL,456.58,,128234.72
18/01/2025,UPI/UBER/9876512340/RIDE,1302.31,,126932.41
18/01/2025,UPI/COURSERA/7656300023/SUBSCRIPTION,1075.29,,125857.12
18/01/2025,UPI/ZOMATO/8765432109/ZOMATO*ORDER,718.01,,125139.11
19/01/2025,UPI/SWIGGY/9876543210/SWIGGY*FOOD,439.1,,124700.01
19/01/2025,POS/PETRO BUNK/HPCL/FUEL,882.62,,123817.39
19/01/2025,UPI/OLA CABS/8765401239/AUTO,1494.46,,122322.93
19/01/2025,UPI/INOX/9877100011/MOVIE BOOKING,508.69,,121814.24
20/01/2025,UPI/P2A/SARAVANA BHAVAN/RESTAURANT,742.73,,121071.51
20/01/2025,UPI/OLA CABS/8765401239/AUTO,136.43,,120935.08
20/01/2025,UPI/CROMA/8765234900/ELECTRONICS,7878.9,,113056.18
21/01/2025,NEFT/STARBUCKS INDIA/COFFEE,650.66,,112405.52
21/01/2025,IRCTC/TKT/BLR-MAS/2A/RAIL BOOKING,1057.19,,111348.33
21/01/2025,UPI/IXIGO/6543012780/TRAIN TICKET,788.91,,110559.42
21/01/2025,UPI/VODAFONE IDEA/MOBILE BILL,2161.7,,108397.72
22/01/2025,UPI/BLINKIT/2109876543/GROCERY ORDER,2225.68,,106172.04
22/01/2025,ACH/HDFC BANK/EMI/CAR LOAN,12549.15,,93622.89
22/01/2025,UPI/IXIGO/6543012780/TRAIN TICKET,996.61,,92626.28
23/01/2025,POS/CHAAYOS/INDIRANAGAR/DEBIT,334.78,,92291.5
23/01/2025,ACH/PPFAS MF/SIP/FLEXI CAP,3609.21,,88682.29
23/01/2025,ATM/HDFC BANK/INDIRANAGAR/WITHDRAWAL,3893.31,,84788.98
23/01/2025,UPI/P2A/NILGIRIS/DAIRY PRODUCTS,2906.1,,81882.88
23/01/2025,UPI/P2A/BMTC/BUS PASS RENEWAL,526.14,,81356.74
23/01/2025,UPI/BOOKMYSHOW/4321600006/MOVIE TICKETS,737.46,,80619.28
24/01/2025,UPI/REDBUS/4321890560/BUS TICKET,910.11,,79709.17
24/01/2025,IMPS/TRANSFER/PERSONAL,18903.74,,60805.43
24/01/2025,POS/CHAAYOS/INDIRANAGAR/DEBIT,327.09,,60478.34
24/01/2025,POS/TAJ HOTELS/BANGALORE/STAY,11244.87,,49233.47
25/01/2025,UPI/FLIPKART/3210789450/PURCHASE,5307.21,,43926.26
25/01/2025,UPI/UBER/9876512340/RIDE,1408.74,,42517.52
26/01/2025,POS/KFC INDIA/BANGALORE/DEBIT,321.73,,42195.79
26/01/2025,ACH/BYJU/5434500025/EMI INSTALLMENT,2253.2,,39942.59
26/01/2025,NEFT/TRANSFER/RENT PAYMENT,17812.49,,22130.1
27/01/2025,UPI/UBER/9876512340/RIDE,1171.01,,20959.09
27/01/2025,UPI/FLIPKART/3210789450/PURCHASE,4659.52,,16299.57
27/01/2025,UPI/P2P/SPLIT/FRIENDS,18613.68,,-2314.11
28/01/2025,UPI/GROWW/6544400014/MF INVESTMENT,6852.75,,-9166.86
28/01/2025,UPI/ZOMATO/8765432109/ZOMATO*ORDER,727.98,,-9894.84
28/01/2025,UPI/BIGBASKET/4321098765/GROCERY,1968.48,,-11863.32
28/01/2025,ACH/HATHWAY/BROADBAND/MONTHLY,316.84,,-12180.16
28/01/2025,ACH/SBI MF/SIP/BLUECHIP FUND,5251.02,,-17431.18
28/01/2025,UPI/OYO/2100800018/HOTEL STAY,9350.58,,-26781.76
01/03/2025,UPI/BLINKIT/7654321098/QUICK GROCERY,357.67,,-27139.43
02/03/2025,UPI/SWIGGY/9876543210/SWIGGY*FOOD,654.39,,-27793.82
03/03/2025,NEFT/INFOSYS LIMITED/MONTHLY SALARY,,83193,55399.18
03/03/2025,UPI/BLINKIT/7654321098/QUICK GROCERY,783.44,,54615.74
03/03/2025,UPI/REDBUS/4321890560/BUS TICKET,726.69,,53889.05
03/03/2025,UPI/TATAPLAY/DTH RECHARGE,1841.15,,52047.9
03/03/2025,UPI/NETMEDS/7654300003/PHARMA,1361.63,,50686.27
06/03/2025,POS/LIFESTYLE/FORUM MALL/SHOPPING,6077.42,,44608.85
07/03/2025,UPI/ZOMATO/8765432109/ZOMATO*ORDER,482.11,,44126.74
07/03/2025,UPI/REDBUS/4321890560/BUS TICKET,690.44,,43436.3
08/03/2025,UPI/RAPIDO/7654390128/BIKE TAXI,1225.32,,42210.98
08/03/2025,UPI/REDBUS/4321890560/BUS TICKET,1477.19,,40733.79
08/03/2025,UPI/MAKEMYTRIP/5432901670/FLIGHT BLR DEL,329.76,,40404.03
08/03/2025,BBPS/JIO/RECHARGE/4G PLAN,1080.98,,39323.05
09/03/2025,UPI/P2A/LOCAL DHABA/FOOD PAYMENT,319.13,,39003.92
09/03/2025,UPI/ZERODHA/7655300013/EQUITY PURCHASE,5486.69,,33517.23
09/03/2025,ATM/HDFC BANK/INDIRANAGAR/WITHDRAWAL,3137.31,,30379.92
10/03/2025,UPI/BIGBASKET/4321098765/GROCERY,1693.37,,28686.55
10/03/2025,UPI/REDBUS/4321890560/BUS TICKET,811.94,,27874.61
11/03/2025,UPI/IXIGO/6543012780/TRAIN TICKET,740.28,,27134.33
11/03/2025,BBPS/AIRTEL/MOBILE RECHARGE/PREPAID,2253.96,,24880.37
11/03/2025,ATM/AXIS BANK/BTM LAYOUT/CASH,4283.69,,20596.68
13/03/2025,UPI/BLINKIT/2109876543/GROCERY ORDER,2290.1,,18306.58
13/03/2025,UPI/AMAZON PRIME/0988000010/MEMBERSHIP,459.51,,17847.07
13/03/2025,UPI/INOX/9877100011/MOVIE BOOKING,704.59,,17142.48
13/03/2025,UPI/YATRA/9878100021/HOLIDAY PACKAGE,7918.93,,9223.55
14/03/2025,UPI/MEDPLUS/5432500005/PHARMACY,374.34,,8849.21
17/03/2025,UPI/SUBWAY/6543210987/SANDWICH,499.84,,8349.37
17/03/2025,UPI/P2A/LOCAL DHABA/FOOD PAYMENT,357.82,,7991.55
17/03/2025,UPI/RAPIDO/7654390128/BIKE TAXI,751.92,,7239.63
17/03/2025,UPI/CROMA/8765234900/ELECTRONICS,3700.56,,3539.07
17/03/2025,UPI/TATAPLAY/DTH RECHARGE,1314.57,,2224.5
18/03/2025,UPI/GROFERS/0987654321/GROCERY,1080.03,,1144.47
18/03/2025,UPI/OLA CABS/8765401239/AUTO,433.86,,710.61
21/03/2025,UPI/OLA CABS/8765401239/AUTO,1056.42,,-345.81
21/03/2025,ACH/BYJU/5434500025/EMI INSTALLMENT,1571.53,,-1917.34
22/03/2025,UPI/RELIANCE SMART/1098765432,2665.63,,-4582.97
22/03/2025,UPI/GROFERS/0987654321/GROCERY,1698.46,,-6281.43
22/03/2025,ACH/AXIS MF/SIP/SMALL CAP FUND,7433.14,,-13714.57
23/03/2025,UPI/FASTAG/NHAI/TOLL PAYMENT,625.25,,-14339.82
24/03/2025,NEFT/STARBUCKS INDIA/COFFEE,693.21,,-15033.03
24/03/2025,UPI/HOTSTAR/1098900009/SUBSCRIPTION,504.53,,-15537.56
24/03/2025,UPI/P2P/SPLIT/FRIENDS,12170.12,,-27707.68
25/03/2025,UPI/SNAPDEAL/7654123790,7185.69,,-34893.37
25/03/2025,POS/RELIANCE DIGITAL/KORAMANGALA/GADGET,2354.3,,-37247.67
25/03/2025,UPI/BOOKMYSHOW/4321600006/MOVIE TICKETS,529.24,,-37776.91
26/03/2025,UPI/BIRYANI BLUES/5432109876,569.23,,-38346.14
26/03/2025,UPI/MAKEMYTRIP/5432901670/FLIGHT BLR DEL,739.79,,-39085.93
27/03/2025,IRCTC/TKT/BLR-MAS/2A/RAIL BOOKING,1431.84,,-40517.77
27/03/2025,ACH/SBI MF/SIP/BLUECHIP FUND,5739.12,,-46256.89
27/03/2025,UPI/P2P/TRANSFER/FAMILY,10166.6,,-56423.49
01/04/2025,UPI/P2A/LOCAL DHABA/FOOD PAYMENT,764.44,,-57187.93
01/04/2025,POS/COLUMBIA ASIA/HOSPITAL/CONSULTATION,1807.38,,-58995.31
03/04/2025,NEFT/INFOSYS BPO/SALARY/OCTOBER,,84836,25840.69
03/04/2025,UPI/IXIGO/6543012780/TRAIN TICKET,476.08,,25364.61
03/04/2025,UPI/FASTAG/NHAI/TOLL PAYMENT,497.81,,24866.8
03/04/2025,UPI/BOOKMYSHOW/4321600006/MOVIE TICKETS,524.64,,24342.16
04/04/2025,UPI/P2A/LOCAL DHABA/FOOD PAYMENT,698.11,,23644.05
04/04/2025,UPI/NYKAA/0987456120/BEAUTY,5909.63,,17734.42
05/04/2025,BBPS/BESCOM/ELECTRICITY/BILL PAY,830.92,,16903.5
06/04/2025,UPI/BIRYANI BLUES/5432109876,602.95,,16300.55
06/04/2025,UPI/OYO/2100800018/HOTEL STAY,7519.92,,8780.63
07/04/2025,UPI/BLINKIT/7654321098/QUICK GROCERY,532.52,,8248.11
07/04/2025,ACH/HDFC BANK/EMI/HOME LOAN,9852.52,,-1604.41
08/04/2025,UPI/SWIGGY/9876543210/SWIGGY*FOOD,399.68,,-2004.09
08/04/2025,POS/CHAAYOS/INDIRANAGAR/DEBIT,363.11,,-2367.2
08/04/2025,UPI/INOX/9877100011/MOVIE BOOKING,226.11,,-2593.31
08/04/2025,ATM/ICICI BANK/MG ROAD/CASH WITHDRAWAL,2864.31,,-5457.62
10/04/2025,POS/PETRO BUNK/HPCL/FUEL,1022.82,,-6480.44
10/04/2025,UPI/TATAPLAY/DTH RECHARGE,2455.17,,-8935.61
11/04/2025,UPI/APOLLO PHARMACY/9876100001/MEDICINES,716.22,,-9651.83
12/04/2025,POS/CHAAYOS/INDIRANAGAR/DEBIT,566.37,,-10218.2
12/04/2025,POS/PETRO BUNK/HPCL/FUEL,1212.92,,-11431.12
12/04/2025,BBPS/BESCOM/ELECTRICITY/BILL PAY,612.72,,-12043.84
13/04/2025,UPI/BIRYANI BLUES/5432109876,498.33,,-12542.17
14/04/2025,INTEREST CREDIT/SAVINGS ACCOUNT,,486,-12056.17
14/04/2025,IRCTC/TKT/BLR-MAS/2A/RAIL BOOKING,773.78,,-12829.95
15/04/2025,UPI/FASTAG/NHAI/TOLL PAYMENT,889.19,,-13719.14
15/04/2025,ACH/AXIS MF/SIP/SMALL CAP FUND,4378.83,,-18097.97
15/04/2025,ACH/BYJU/5434500025/EMI INSTALLMENT,2223.43,,-20321.4
15/04/2025,ATM/HDFC BANK/INDIRANAGAR/WITHDRAWAL,2213.54,,-22534.94
16/04/2025,UPI/RAPIDO/7654390128/BIKE TAXI,1288.35,,-23823.29
17/04/2025,UPI/SWIGGY/9876543210/SWIGGY*FOOD,623.77,,-24447.06
17/04/2025,UPI/OLA CABS/8765401239/AUTO,1426.25,,-25873.31
17/04/2025,UPI/MAKEMYTRIP/5432901670/FLIGHT BLR DEL,568.14,,-26441.45
18/04/2025,POS/SPAR HYPERMARKET/KORAMANGALA,2504.21,,-28945.66
18/04/2025,UPI/MYNTRA/2109678340/FASHION,7631.58,,-36577.24
19/04/2025,POS/CHAAYOS/INDIRANAGAR/DEBIT,645.31,,-37222.55
20/04/2025,UPI/P2A/BMTC/BUS PASS RENEWAL,1075.68,,-38298.23
20/04/2025,ACH/HDFC MF/SIP/EQUITY FUND,2481.84,,-40780.07
21/04/2025,UPI/IXIGO/6543012780/TRAIN TICKET,1090.82,,-41870.89
21/04/2025,NEFT/TRANSFER/RENT PAYMENT,13026.42,,-54897.31
23/04/2025,POS/CHAAYOS/INDIRANAGAR/DEBIT,686.24,,-55583.55
23/04/2025,UPI/P2A/BMTC/BUS PASS RENEWAL,724.32,,-56307.87
23/04/2025,BBPS/BESCOM/B2/ELECTRICITY BILL,2371.41,,-58679.28
24/04/2025,UPI/RELIANCE SMART/1098765432,1947.84,,-60627.12
24/04/2025,POS/PETRO BUNK/HPCL/FUEL,921.31,,-61548.43
24/04/2025,UPI/SNAPDEAL/7654123790,4131.49,,-65679.92
25/04/2025,UPI/BLINKIT/7654321098/QUICK GROCERY,709.65,,-66389.57
26/04/2025,POS/PVR CINEMAS/FORUM MALL/MOVIES,515.41,,-66904.98
26/04/2025,UPI/INOX/9877100011/MOVIE BOOKING,551.59,,-67456.57
27/04/2025,UPI/GROFERS/0987654321/GROCERY,1878.44,,-69335.01
27/04/2025,UPI/BLINKIT/2109876543/GROCERY ORDER,1811.43,,-71146.44
28/04/2025,UPI/NETFLIX/3210700007/SUBSCRIPTION,460.0,,-71606.44
01/05/2025,NEFT/INFOSYS LIMITED/MONTHLY SALARY,,86482,14875.56
01/05/2025,UPI/MAKEMYTRIP/5432901670/FLIGHT BLR DEL,1013.88,,13861.68
01/05/2025,BBPS/BWSSB/WATER BILL/PAYMENT,850.53,,13011.15
02/05/2025,POS/PETRO BUNK/HPCL/FUEL,346.37,,12664.78
02/05/2025,UPI/AMAZON PRIME/0988000010/MEMBERSHIP,231.19,,12433.59
02/05/2025,UPI/RAPIDO/7654390128/BIKE TAXI,902.99,,11530.6
03/05/2025,POS/CHAAYOS/INDIRANAGAR/DEBIT,414.46,,11116.14
03/05/2025,UPI/P2P/SPLIT/FRIENDS,6991.09,,4125.05
03/05/2025,NEFT/INFOSYS BPO/SALARY/OCTOBER,,84863,88988.05
03/05/2025,IRCTC/TKT/BLR-MAS/2A/RAIL BOOKING,279.87,,88708.18
04/05/2025,UPI/RAPIDO/7654390128/BIKE TAXI,999.75,,87708.43
04/05/2025,UPI/APOLLO PHARMACY/9876100001/MEDICINES,591.38,,87117.05
04/05/2025,POS/TAJ HOTELS/BANGALORE/STAY,11490.11,,75626.94
05/05/2025,UPI/SNAPDEAL/7654123790,3376.9,,72250.04
05/05/2025,POS/RELIANCE DIGITAL/KORAMANGALA/GADGET,6980.2,,65269.84
05/05/2025,NEFT/STARBUCKS INDIA/COFFEE,422.1,,64847.74
05/05/2025,POS/PETRO BUNK/HPCL/FUEL,1196.85,,63650.89
06/05/2025,UPI/P2A/LOCAL DHABA/FOOD PAYMENT,696.31,,62954.58
07/05/2025,POS/SPAR HYPERMARKET/KORAMANGALA,2998.62,,59955.96
07/05/2025,UPI/RAPIDO/7654390128/BIKE TAXI,961.67,,58994.29
07/05/2025,UPI/AIRBNB/0989000020/ACCOMMODATION,8417.04,,50577.25
07/05/2025,ATM/HDFC BANK/INDIRANAGAR/WITHDRAWAL,2205.83,,48371.42
08/05/2025,UPI/P2A/BMTC/BUS PASS RENEWAL,1087.89,,47283.53
08/05/2025,POS/PETRO BUNK/HPCL/FUEL,942.03,,46341.5
08/05/2025,UPI/VODAFONE IDEA/MOBILE BILL,1284.4,,45057.1
08/05/2025,ACH/HDFC MF/SIP/EQUITY FUND,8843.6,,36213.5
09/05/2025,UPI/P2A/DOMINOS PIZZA INDIA/FOOD,588.12,,35625.38
09/05/2025,UPI/P2A/BMTC/BUS PASS RENEWAL,1259.27,,34366.11
10/05/2025,UPI/P2A/DOMINOS PIZZA INDIA/FOOD,638.81,,33727.3
10/05/2025,UPI/FASTAG/NHAI/TOLL PAYMENT,543.94,,33183.36
11/05/2025,UPI/FASTAG/NHAI/TOLL PAYMENT,244.61,,32938.75
11/05/2025,ATM/AXIS BANK/BTM LAYOUT/CASH,3880.4,,29058.35
11/05/2025,ATM/HDFC BANK/INDIRANAGAR/WITHDRAWAL,2730.71,,26327.64
12/05/2025,UPI/BLINKIT/7654321098/QUICK GROCERY,793.83,,25533.81
13/05/2025,UPI/NETMEDS/7654300003/PHARMA,1474.96,,24058.85
13/05/2025,UPI/INOX/9877100011/MOVIE BOOKING,301.05,,23757.8
13/05/2025,UPI/GOIBIBO/1099900019/FLIGHT TICKET,8498.37,,15259.43
13/05/2025,UPI/RELIANCE SMART/1098765432,2058.23,,13201.2
13/05/2025,UPI/CROMA/8765234900/ELECTRONICS,7754.52,,5446.68
14/05/2025,UPI/P2A/LOCAL DHABA/FOOD PAYMENT,667.27,,4779.41
14/05/2025,UPI/ZEPTO/3210987654/INSTANT DELIVERY,1533.28,,3246.13
14/05/2025,ACH/ICICI BANK/EMI/PERSONAL LOAN,14096.53,,-10850.4
14/05/2025,POS/KFC INDIA/BANGALORE/DEBIT,645.16,,-11495.56
15/05/2025,UPI/SWIGGY/9876543210/SWIGGY*FOOD,427.66,,-11923.22
15/05/2025,POS/RELIANCE DIGITAL/KORAMANGALA/GADGET,3264.39,,-15187.61
15/05/2025,BBPS/BWSSB/WATER BILL/PAYMENT,2291.59,,-17479.2
15/05/2025,UPI/INOX/9877100011/MOVIE BOOKING,390.53,,-17869.73
16/05/2025,INTEREST CREDIT/SAVINGS ACCOUNT,,172,-17697.73
16/05/2025,UPI/P2A/LOCAL DHABA/FOOD PAYMENT,518.88,,-18216.61
16/05/2025,UPI/UBER/9876512340/RIDE,968.08,,-19184.69
16/05/2025,UPI/MEESHO/1098567230/ORDER,7851.83,,-27036.52
16/05/2025,UPI/VODAFONE IDEA/MOBILE BILL,993.79,,-28030.31
16/05/2025,UPI/1MG/8765200002/MEDICINE ORDER,525.14,,-28555.45
17/05/2025,UPI/ZERODHA/7655300013/EQUITY PURCHASE,9283.53,,-37838.98
18/05/2025,UPI/ZEPTO/3210987654/INSTANT DELIVERY,880.73,,-38719.71
18/05/2025,UPI/P2A/BMTC/BUS PASS RENEWAL,266.04,,-38985.75
18/05/2025,IRCTC/TKT/BLR-MAS/2A/RAIL BOOKING,659.35,,-39645.1
19/05/2025,POS/KFC INDIA/BANGALORE/DEBIT,760.6,,-40405.7
19/05/2025,UPI/SWIGGY/9876543210/SWIGGY*FOOD,593.56,,-40999.26
19/05/2025,POS/KFC INDIA/BANGALORE/DEBIT,517.94,,-41517.2
19/05/2025,BBPS/BESCOM/B2/ELECTRICITY BILL,2497.48,,-44014.68
19/05/2025,POS/KFC INDIA/BANGALORE/DEBIT,371.56,,-44386.24
20/05/2025,BBPS/AIRTEL/MOBILE RECHARGE/PREPAID,709.14,,-45095.38
21/05/2025,UPI/BLINKIT/7654321098/QUICK GROCERY,521.11,,-45616.49
21/05/2025,UPI/ZOMATO/8765432109/ZOMATO*ORDER,651.95,,-46268.44
21/05/2025,UPI/P2A/BMTC/BUS PASS RENEWAL,997.8,,-47266.24
21/05/2025,ACH/HDFC BANK/EMI/CAR LOAN,10510.72,,-57776.96
22/05/2025,UPI/SPOTIFY/2109800008/PREMIUM,664.85,,-58441.81
23/05/2025,NEFT/STARBUCKS INDIA/COFFEE,452.05,,-58893.86
23/05/2025,UPI/GROFERS/0987654321/GROCERY,1890.03,,-60783.89
23/05/2025,UPI/UBER/9876512340/RIDE,768.29,,-61552.18
23/05/2025,UPI/P2A/BMTC/BUS PASS RENEWAL,494.44,,-62046.62
23/05/2025,UPI/SWIGGY/9876543210/SWIGGY*FOOD,449.73,,-62496.35
23/05/2025,UPI/COIN ZERODHA/4322600016/MF SIP,4964.24,,-67460.59
24/05/2025,UPI/INOX/9877100011/MOVIE BOOKING,456.91,,-67917.5
24/05/2025,UPI/INOX/9877100011/MOVIE BOOKING,249.59,,-68167.09
26/05/2025,UPI/GOIBIBO/1099900019/FLIGHT TICKET,11692.04,,-79859.13
26/05/2025,UPI/P2A/SARAVANA BHAVAN/RESTAURANT,328.06,,-80187.19
26/05/2025,UPI/P2A/DOMINOS PIZZA INDIA/FOOD,390.03,,-80577.22
26/05/2025,POS/RELIANCE DIGITAL/KORAMANGALA/GADGET,3459.31,,-84036.53
26/05/2025,UPI/P2P/TRANSFER/FAMILY,18309.03,,-102345.56
27/05/2025,UPI/RELIANCE SMART/1098765432,2248.11,,-104593.67
27/05/2025,UPI/P2A/BMTC/BUS PASS RENEWAL,1363.9,,-105957.57
27/05/2025,UPI/GASPAY/IGL/PIPED GAS,1668.66,,-107626.23
27/05/2025,UPI/INOX/9877100011/MOVIE BOOKING,467.56,,-108093.79
27/05/2025,UPI/P2P/SPLIT/FRIENDS,17784.82,,-125878.61
28/05/2025,UPI/CROMA/8765234900/ELECTRONICS,3612.07,,-129490.68
28/05/2025,POS/CHAAYOS/INDIRANAGAR/DEBIT,491.27,,-129981.95
28/05/2025,UPI/BIGBASKET/4321098765/GROCERY,2308.76,,-132290.71
28/05/2025,UPI/OLA CABS/8765401239/AUTO,560.98,,-132851.69
01/06/2025,NEFT/INFOSYS LIMITED/MONTHLY SALARY,,85271,-47580.69
01/06/2025,UPI/P2A/SARAVANA BHAVAN/RESTAURANT,365.9,,-47946.59
01/06/2025,UPI/OYO/2100800018/HOTEL STAY,11662.0,,-59608.59
02/06/2025,NEFT/STARBUCKS INDIA/COFFEE,363.38,,-59971.97
03/06/2025,UPI/P2A/DOMINOS PIZZA INDIA/FOOD,461.06,,-60433.03
03/06/2025,ACH/AXIS MF/SIP/SMALL CAP FUND,8896.88,,-69329.91
04/06/2025,UPI/FASTAG/NHAI/TOLL PAYMENT,663.35,,-69993.26
04/06/2025,UPI/MAKEMYTRIP/5432901670/FLIGHT BLR DEL,577.16,,-70570.42
04/06/2025,POS/MAX HEALTHCARE/PATHOLOGY/LAB TEST,993.09,,-71563.51
04/06/2025,UPI/INOX/9877100011/MOVIE BOOKING,154.03,,-71717.54
05/06/2025,UPI/IXIGO/6543012780/TRAIN TICKET,1055.29,,-72772.83
06/06/2025,UPI/GASPAY/IGL/PIPED GAS,1051.12,,-73823.95
07/06/2025,POS/DMART/BANGALORE/GROCERY,1746.15,,-75570.1
07/06/2025,UPI/APOLLO PHARMACY/9876100001/MEDICINES,2313.84,,-77883.94
07/06/2025,POS/PVR CINEMAS/FORUM MALL/MOVIES,648.54,,-78532.48
08/06/2025,UPI/SWIGGY/9876543210/SWIGGY*FOOD,594.43,,-79126.91
08/06/2025,NEFT/TRANSFER/RENT PAYMENT,8662.17,,-87789.08
09/06/2025,UPI/P2A/LOCAL DHABA/FOOD PAYMENT,612.16,,-88401.24
09/06/2025,UPI/P2A/BMTC/BUS PASS RENEWAL,121.11,,-88522.35
10/06/2025,POS/PETRO BUNK/HPCL/FUEL,932.58,,-89454.93
10/06/2025,UPI/NYKAA/0987456120/BEAUTY,7411.53,,-96866.46
11/06/2025,UPI/P2A/LOCAL DHABA/FOOD PAYMENT,490.45,,-97356.91
11/06/2025,UPI/RELIANCE SMART/1098765432,1738.88,,-99095.79
13/06/2025,UPI/HOTSTAR/1098900009/SUBSCRIPTION,495.71,,-99591.5
15/06/2025,INTEREST CREDIT/SAVINGS ACCOUNT,,156,-99435.5
15/06/2025,UPI/SWIGGY/9876543210/SWIGGY*FOOD,621.67,,-100057.17
15/06/2025,UPI/GROFERS/0987654321/GROCERY,1912.21,,-101969.38
16/06/2025,NEFT/STARBUCKS INDIA/COFFEE,723.65,,-102693.03
16/06/2025,POS/KFC INDIA/BANGALORE/DEBIT,656.2,,-103349.23
17/06/2025,POS/KFC INDIA/BANGALORE/DEBIT,596.83,,-103946.06
17/06/2025,UPI/IXIGO/6543012780/TRAIN TICKET,382.09,,-104328.15
17/06/2025,UPI/AJIO/9876345010/CLOTHING,2113.5,,-106441.65
17/06/2025,UPI/BOOKMYSHOW/4321600006/MOVIE TICKETS,583.3,,-107024.95
17/06/2025,ATM/ICICI BANK/MG ROAD/CASH WITHDRAWAL,2235.94,,-109260.89
19/06/2025,UPI/MAKEMYTRIP/5432901670/FLIGHT BLR DEL,1438.41,,-110699.3
19/06/2025,BBPS/BESCOM/ELECTRICITY/BILL PAY,1571.31,,-112270.61
20/06/2025,POS/CHAAYOS/INDIRANAGAR/DEBIT,321.68,,-112592.29
20/06/2025,UPI/HOTSTAR/1098900009/SUBSCRIPTION,184.66,,-112776.95
20/06/2025,UPI/UNACADEMY/6545400024/SUBSCRIPTION,1650.24,,-114427.19
21/06/2025,UPI/REDBUS/4321890560/BUS TICKET,870.57,,-115297.76
21/06/2025,NEFT/TRANSFER/RENT PAYMENT,4938.45,,-120236.21
22/06/2025,BBPS/BESCOM/B2/ELECTRICITY BILL,1175.23,,-121411.44
23/06/2025,UPI/P2A/NILGIRIS/DAIRY PRODUCTS,1051.71,,-122463.15
23/06/2025,ACH/BAJAJ FINANCE/EMI/CONSUMER LOAN,12480.99,,-134944.14
24/06/2025,POS/KFC INDIA/BANGALORE/DEBIT,331.78,,-135275.92
24/06/2025,UPI/RAPIDO/7654390128/BIKE TAXI,609.16,,-135885.08
24/06/2025,UPI/AMAZON PAY/IN/ORDER PAYMENT,5248.79,,-141133.87
25/06/2025,IRCTC/TKT/BLR-MAS/2A/RAIL BOOKING,475.57,,-141609.44
25/06/2025,BBPS/AIRTEL/MOBILE RECHARGE/PREPAID,1621.03,,-143230.47
27/06/2025,UPI/GROFERS/0987654321/GROCERY,1797.7,,-145028.17
27/06/2025,UPI/FASTAG/NHAI/TOLL PAYMENT,201.22,,-145229.39
27/06/2025,UPI/KUVERA/5433500015/MUTUAL FUND,7344.39,,-152573.78
28/06/2025,UPI/REDBUS/4321890560/BUS TICKET,876.57,,-153450.35
28/06/2025,UPI/AJIO/9876345010/CLOTHING,1574.39,,-155024.74
28/06/2025,ACH/AXIS MF/SIP/SMALL CAP FUND,7936.33,,-162961.07
28/06/2025,ATM/AXIS BANK/BTM LAYOUT/CASH,2317.59,,-165278.66
01/07/2025,ATM/SBI ATM/KORAMANGALA/CASH,2956.05,,-168234.71
02/07/2025,SALARY/CREDIT/INFOSYS/NET PAY,,89358,-78876.71
02/07/2025,UPI/BLINKIT/7654321098/QUICK GROCERY,328.45,,-79205.16
02/07/2025,UPI/TATAPLAY/DTH RECHARGE,1144.97,,-80350.13
03/07/2025,UPI/GROWW/6544400014/MF INVESTMENT,9571.31,,-89921.44
05/07/2025,BBPS/JIO/RECHARGE/4G PLAN,573.17,,-90494.61
05/07/2025,IMPS/TRANSFER/PERSONAL,15900.3,,-106394.91
06/07/2025,ACH/SBI MF/SIP/BLUECHIP FUND,4182.33,,-110577.24
08/07/2025,UPI/MEDPLUS/5432500005/PHARMACY,1066.51,,-111643.75
09/07/2025,UPI/P2A/LOCAL DHABA/FOOD PAYMENT,398.64,,-112042.39
10/07/2025,IRCTC/TKT/BLR-MAS/2A/RAIL BOOKING,335.97,,-112378.36
10/07/2025,UPI/FLIPKART/3210789450/PURCHASE,6833.21,,-119211.57
10/07/2025,UPI/INOX/9877100011/MOVIE BOOKING,655.56,,-119867.13
10/07/2025,IMPS/TRANSFER/PERSONAL,18595.73,,-138462.86
11/07/2025,UPI/UBER/9876512340/RIDE,1044.03,,-139506.89
11/07/2025,BBPS/JIO/RECHARGE/4G PLAN,2215.7,,-141722.59
12/07/2025,UPI/BLINKIT/7654321098/QUICK GROCERY,553.67,,-142276.26
12/07/2025,UPI/FASTAG/NHAI/TOLL PAYMENT,1383.47,,-143659.73
12/07/2025,ACH/HDFC BANK/EMI/CAR LOAN,14513.3,,-158173.03
15/07/2025,INTEREST CREDIT/SAVINGS ACCOUNT,,220,-157953.03
15/07/2025,UPI/P2A/LOCAL DHABA/FOOD PAYMENT,677.22,,-158630.25
15/07/2025,UPI/BLINKIT/7654321098/QUICK GROCERY,615.69,,-159245.94
15/07/2025,UPI/REDBUS/4321890560/BUS TICKET,824.18,,-160070.12
16/07/2025,UPI/BIGBASKET/4321098765/GROCERY,1903.01,,-161973.13
16/07/2025,UPI/NETFLIX/3210700007/SUBSCRIPTION,718.05,,-162691.18
17/07/2025,UPI/P2A/LOCAL DHABA/FOOD PAYMENT,492.24,,-163183.42
17/07/2025,ACH/PPFAS MF/SIP/FLEXI CAP,8809.33,,-171992.75
17/07/2025,POS/TAJ HOTELS/BANGALORE/STAY,5739.61,,-177732.36
18/07/2025,UPI/CROMA/8765234900/ELECTRONICS,6763.4,,-184495.76
19/07/2025,UPI/P2A/LOCAL DHABA/FOOD PAYMENT,621.5,,-185117.26
19/07/2025,POS/PETRO BUNK/HPCL/FUEL,1022.33,,-186139.59
21/07/2025,POS/KFC INDIA/BANGALORE/DEBIT,458.07,,-186597.66
21/07/2025,POS/DMART/BANGALORE/GROCERY,1179.63,,-187777.29
21/07/2025,POS/PETRO BUNK/HPCL/FUEL,555.2,,-188332.49
21/07/2025,UPI/FASTAG/NHAI/TOLL PAYMENT,1071.84,,-189404.33
21/07/2025,UPI/RAPIDO/7654390128/BIKE TAXI,1204.16,,-190608.49
21/07/2025,ATM/HDFC BANK/INDIRANAGAR/WITHDRAWAL,3005.87,,-193614.36
22/07/2025,UPI/P2A/BMTC/BUS PASS RENEWAL,628.92,,-194243.28
22/07/2025,UPI/REDBUS/4321890560/BUS TICKET,1449.46,,-195692.74
22/07/2025,POS/PETRO BUNK/HPCL/FUEL,681.24,,-196373.98
23/07/2025,UPI/P2A/BMTC/BUS PASS RENEWAL,1411.96,,-197785.94
25/07/2025,UPI/P2A/DOMINOS PIZZA INDIA/FOOD,627.75,,-198413.69
25/07/2025,UPI/MEESHO/1098567230/ORDER,4147.03,,-202560.72
25/07/2025,POS/COLUMBIA ASIA/HOSPITAL/CONSULTATION,2295.9,,-204856.62
26/07/2025,UPI/SWIGGY/9876543210/SWIGGY*FOOD,669.46,,-205526.08
26/07/2025,POS/DMART/BANGALORE/GROCERY,2057.64,,-207583.72
26/07/2025,POS/MORE SUPERMARKET/ELECTRONIC CITY,2778.08,,-210361.8
26/07/2025,POS/PVR CINEMAS/FORUM MALL/MOVIES,542.64,,-210904.44
27/07/2025,UPI/MAKEMYTRIP/5432901670/FLIGHT BLR DEL,1424.89,,-212329.33
27/07/2025,UPI/YOUTUBE PREMIUM/8766200012,275.3,,-212604.63
28/07/2025,UPI/ZOMATO/8765432109/ZOMATO*ORDER,788.68,,-213393.31
01/08/2025,POS/MCDONALDS INDIA/BANGALORE,607.4,,-214000.71
02/08/2025,IRCTC/TKT/BLR-MAS/2A/RAIL BOOKING,1149.67,,-215150.38
03/08/2025,NEFT/INFOSYS BPO/SALARY/OCTOBER,,86674,-128476.38
03/08/2025,UPI/ZEPTO/3210987654/INSTANT DELIVERY,1558.57,,-130034.95
03/08/2025,UPI/OLA CABS/8765401239/AUTO,1112.46,,-131147.41
03/08/2025,UPI/P2A/BMTC/BUS PASS RENEWAL,545.65,,-131693.06
03/08/2025,UPI/NYKAA/0987456120/BEAUTY,2269.97,,-133963.03
03/08/2025,ACH/BYJU/5434500025/EMI INSTALLMENT,664.37,,-134627.4
03/08/2025,UPI/P2P/SPLIT/FRIENDS,5130.56,,-139757.96
04/08/2025,NEFT/STARBUCKS INDIA/COFFEE,323.87,,-140081.83
04/08/2025,ACH/SBI MF/SIP/BLUECHIP FUND,9881.06,,-149962.89
05/08/2025,UPI/BIRYANI BLUES/5432109876,574.4,,-150537.29
05/08/2025,UPI/YOUTUBE PREMIUM/8766200012,704.19,,-151241.48
06/08/2025,UPI/ZOMATO/8765432109/ZOMATO*ORDER,632.19,,-151873.67
07/08/2025,IRCTC/TKT/BLR-MAS/2A/RAIL BOOKING,142.2,,-152015.87
08/08/2025,BBPS/BESCOM/ELECTRICITY/BILL PAY,2409.2,,-154425.07
10/08/2025,UPI/MAKEMYTRIP/5432901670/FLIGHT BLR DEL,811.84,,-155236.91
12/08/2025,UPI/SUBWAY/6543210987/SANDWICH,333.84,,-155570.75
12/08/2025,UPI/SWIGGY/9876543210/SWIGGY*FOOD,426.83,,-155997.58
12/08/2025,POS/PETRO BUNK/HPCL/FUEL,714.92,,-156712.5
12/08/2025,BBPS/AIRTEL/MOBILE RECHARGE/PREPAID,1055.63,,-157768.13
13/08/2025,UPI/RAPIDO/7654390128/BIKE TAXI,561.43,,-158329.56
14/08/2025,INTEREST CREDIT/SAVINGS ACCOUNT,,231,-158098.56
14/08/2025,UPI/BLINKIT/7654321098/QUICK GROCERY,355.59,,-158454.15
14/08/2025,UPI/UBER/9876512340/RIDE,469.87,,-158924.02
15/08/2025,UPI/AIRBNB/0989000020/ACCOMMODATION,10036.62,,-168960.64
15/08/2025,UPI/P2P/SPLIT/FRIENDS,10919.16,,-179879.8
16/08/2025,UPI/SWIGGY/9876543210/SWIGGY*FOOD,598.37,,-180478.17
16/08/2025,UPI/MAKEMYTRIP/5432901670/FLIGHT BLR DEL,601.63,,-181079.8
16/08/2025,UPI/PRACTO/6543400004/DR APPOINTMENT,1649.69,,-182729.49
16/08/2025,NACH/TATA CAPITAL/EMI DEBIT,8183.99,,-190913.48
17/08/2025,UPI/GASPAY/IGL/PIPED GAS,1043.98,,-191957.46
17/08/2025,ATM/AXIS BANK/BTM LAYOUT/CASH,3232.39,,-195189.85
18/08/2025,UPI/BLINKIT/2109876543/GROCERY ORDER,1544.8,,-196734.65
18/08/2025,POS/PVR CINEMAS/FORUM MALL/MOVIES,501.95,,-197236.6
19/08/2025,UPI/P2A/DOMINOS PIZZA INDIA/FOOD,420.97,,-197657.57
19/08/2025,BBPS/JIO/RECHARGE/4G PLAN,274.49,,-197932.06
20/08/2025,UPI/ZOMATO/8765432109/ZOMATO*ORDER,528.56,,-198460.62
20/08/2025,UPI/RAPIDO/7654390128/BIKE TAXI,1099.08,,-199559.7
20/08/2025,POS/LIFESTYLE/FORUM MALL/SHOPPING,5585.67,,-205145.37
20/08/2025,UPI/YOUTUBE PREMIUM/8766200012,334.91,,-205480.28
21/08/2025,UPI/CROMA/8765234900/ELECTRONICS,3546.58,,-209026.86
22/08/2025,POS/SPAR HYPERMARKET/KORAMANGALA,1822.17,,-210849.03
22/08/2025,UPI/AMAZON PAY/IN/ORDER PAYMENT,1699.9,,-212548.93
23/08/2025,UPI/NETFLIX/3210700007/SUBSCRIPTION,438.77,,-212987.7
23/08/2025,UPI/KUVERA/5433500015/MUTUAL FUND,7101.6,,-220089.3
24/08/2025,UPI/BLINKIT/2109876543/GROCERY ORDER,2464.69,,-222553.99
25/08/2025,POS/COLUMBIA ASIA/HOSPITAL/CONSULTATION,928.81,,-223482.8
26/08/2025,UPI/SUBWAY/6543210987/SANDWICH,794.17,,-224276.97
26/08/2025,POS/SPAR HYPERMARKET/KORAMANGALA,1096.68,,-225373.65
26/08/2025,UPI/FASTAG/NHAI/TOLL PAYMENT,602.59,,-225976.24
27/08/2025,UPI/P2A/BMTC/BUS PASS RENEWAL,336.25,,-226312.49
28/08/2025,POS/CHAAYOS/INDIRANAGAR/DEBIT,535.07,,-226847.56
28/08/2025,POS/PETRO BUNK/HPCL/FUEL,1188.8,,-228036.36
28/08/2025,UPI/AMAZON PRIME/0988000010/MEMBERSHIP,791.26,,-228827.62
01/09/2025,UPI/FASTAG/NHAI/TOLL PAYMENT,1282.98,,-230110.6
01/09/2025,ACH/BYJU/5434500025/EMI INSTALLMENT,1602.6,,-231713.2
02/09/2025,UPI/GASPAY/IGL/PIPED GAS,289.5,,-232002.7
02/09/2025,NEFT/TRANSFER/RENT PAYMENT,14998.18,,-247000.88
03/09/2025,NEFT/INFOSYS LIMITED/MONTHLY SALARY,,84051,-162949.88
03/09/2025,UPI/BLINKIT/2109876543/GROCERY ORDER,2314.95,,-165264.83
04/09/2025,UPI/FASTAG/NHAI/TOLL PAYMENT,151.86,,-165416.69
04/09/2025,UPI/FLIPKART/3210789450/PURCHASE,1464.98,,-166881.67
06/09/2025,UPI/P2A/LOCAL DHABA/FOOD PAYMENT,595.9,,-167477.57
07/09/2025,UPI/IXIGO/6543012780/TRAIN TICKET,1163.63,,-168641.2
07/09/2025,ACH/HATHWAY/BROADBAND/MONTHLY,1585.66,,-170226.86
08/09/2025,POS/PETRO BUNK/HPCL/FUEL,385.51,,-170612.37
09/09/2025,UPI/FASTAG/NHAI/TOLL PAYMENT,1113.06,,-171725.43
09/09/2025,UPI/GROWW/6544400014/MF INVESTMENT,9736.57,,-181462.0
10/09/2025,UPI/P2A/SARAVANA BHAVAN/RESTAURANT,382.33,,-181844.33
10/09/2025,UPI/ZOMATO/8765432109/ZOMATO*ORDER,607.21,,-182451.54
10/09/2025,UPI/GROFERS/0987654321/GROCERY,1862.48,,-184314.02
10/09/2025,UPI/OLA CABS/8765401239/AUTO,786.27,,-185100.29
10/09/2025,UPI/IXIGO/6543012780/TRAIN TICKET,782.75,,-185883.04
10/09/2025,UPI/YOUTUBE PREMIUM/8766200012,535.51,,-186418.55
10/09/2025,UPI/BOOKMYSHOW/4321600006/MOVIE TICKETS,458.16,,-186876.71
11/09/2025,POS/MORE SUPERMARKET/ELECTRONIC CITY,2695.27,,-189571.98
12/09/2025,UPI/OLA CABS/8765401239/AUTO,811.27,,-190383.25
13/09/2025,UPI/CROMA/8765234900/ELECTRONICS,883.68,,-191266.93
15/09/2025,INTEREST CREDIT/SAVINGS ACCOUNT,,321,-190945.93
15/09/2025,UPI/IXIGO/6543012780/TRAIN TICKET,253.98,,-191199.91
16/09/2025,UPI/SUBWAY/6543210987/SANDWICH,744.5,,-191944.41
16/09/2025,POS/MORE SUPERMARKET/ELECTRONIC CITY,1821.77,,-193766.18
17/09/2025,UPI/ZOMATO/8765432109/ZOMATO*ORDER,747.46,,-194513.64
17/09/2025,UPI/PRACTO/6543400004/DR APPOINTMENT,1479.57,,-195993.21
18/09/2025,UPI/AJIO/9876345010/CLOTHING,2664.51,,-198657.72
19/09/2025,UPI/SWIGGY/9876543210/SWIGGY*FOOD,320.6,,-198978.32
19/09/2025,ACH/AXIS MF/SIP/SMALL CAP FUND,5843.59,,-204821.91
20/09/2025,UPI/INOX/9877100011/MOVIE BOOKING,356.36,,-205178.27
21/09/2025,UPI/BLINKIT/7654321098/QUICK GROCERY,778.18,,-205956.45
21/09/2025,UPI/BLINKIT/7654321098/QUICK GROCERY,685.51,,-206641.96
22/09/2025,UPI/P2A/LOCAL DHABA/FOOD PAYMENT,612.24,,-207254.2
22/09/2025,UPI/INOX/9877100011/MOVIE BOOKING,220.35,,-207474.55
22/09/2025,NACH/TATA CAPITAL/EMI DEBIT,9695.38,,-217169.93
22/09/2025,IMPS/TRANSFER/PERSONAL,11132.31,,-228302.24
23/09/2025,ATM/AXIS BANK/BTM LAYOUT/CASH,2611.68,,-230913.92
25/09/2025,UPI/P2A/LOCAL DHABA/FOOD PAYMENT,586.07,,-231499.99
25/09/2025,UPI/SNAPDEAL/7654123790,4623.93,,-236123.92
26/09/2025,UPI/VODAFONE IDEA/MOBILE BILL,2469.61,,-238593.53
26/09/2025,UPI/ZERODHA/7655300013/EQUITY PURCHASE,9190.14,,-247783.67
28/09/2025,UPI/ZOMATO/8765432109/ZOMATO*ORDER,327.71,,-248111.38
28/09/2025,UPI/GROFERS/0987654321/GROCERY,1559.82,,-249671.2
28/09/2025,POS/PETRO BUNK/HPCL/FUEL,1361.28,,-251032.48
01/10/2025,NEFT/EMPLOYER/SALARY CREDIT,,85570,-165462.48
02/10/2025,UPI/P2A/NILGIRIS/DAIRY PRODUCTS,2273.63,,-167736.11
03/10/2025,UPI/P2P/TRANSFER/FAMILY,12199.78,,-179935.89
04/10/2025,UPI/P2A/LOCAL DHABA/FOOD PAYMENT,607.84,,-180543.73
05/10/2025,UPI/COIN ZERODHA/4322600016/MF SIP,3316.3,,-183860.03
06/10/2025,POS/LIFESTYLE/FORUM MALL/SHOPPING,7862.64,,-191722.67
06/10/2025,UPI/VODAFONE IDEA/MOBILE BILL,1132.46,,-192855.13
07/10/2025,ACH/HDFC BANK/EMI/CAR LOAN,13018.43,,-205873.56
08/10/2025,UPI/BLINKIT/7654321098/QUICK GROCERY,439.5,,-206313.06
08/10/2025,UPI/GROFERS/0987654321/GROCERY,915.48,,-207228.54
08/10/2025,UPI/AJIO/9876345010/CLOTHING,551.23,,-207779.77
08/10/2025,UPI/SPOTIFY/2109800008/PREMIUM,291.65,,-208071.42
09/10/2025,UPI/BIRYANI BLUES/5432109876,766.51,,-208837.93
10/10/2025,UPI/BIRYANI BLUES/5432109876,685.59,,-209523.52
10/10/2025,UPI/UBER/9876512340/RIDE,536.06,,-210059.58
11/10/2025,UPI/IXIGO/6543012780/TRAIN TICKET,310.74,,-210370.32
13/10/2025,ATM/SBI ATM/KORAMANGALA/CASH,2763.37,,-213133.69
15/10/2025,UPI/AMAZON PRIME/0988000010/MEMBERSHIP,635.78,,-213769.47
15/10/2025,ATM/ICICI BANK/MG ROAD/CASH WITHDRAWAL,4018.3,,-217787.77
16/10/2025,INTEREST CREDIT/SAVINGS ACCOUNT,,379,-217408.77
16/10/2025,UPI/BLINKIT/2109876543/GROCERY ORDER,1021.2,,-218429.97
16/10/2025,POS/DMART/BANGALORE/GROCERY,1850.39,,-220280.36
16/10/2025,UPI/P2A/BMTC/BUS PASS RENEWAL,344.56,,-220624.92
17/10/2025,IRCTC/TKT/BLR-MAS/2A/RAIL BOOKING,744.59,,-221369.51
17/10/2025,UPI/AJIO/9876345010/CLOTHING,2959.45,,-224328.96
17/10/2025,UPI/NETFLIX/3210700007/SUBSCRIPTION,607.15,,-224936.11
17/10/2025,UPI/MAKEMYTRIP/3211700017/HOTEL BOOKING,6454.83,,-231390.94
17/10/2025,UPI/LEETCODE/4323600026/PREMIUM,1538.56,,-232929.5
18/10/2025,UPI/BLINKIT/2109876543/GROCERY ORDER,2951.4,,-235880.9
18/10/2025,UPI/HOTSTAR/1098900009/SUBSCRIPTION,743.23,,-236624.13
19/10/2025,UPI/UBER/9876512340/RIDE,409.75,,-237033.88
19/10/2025,POS/PETRO BUNK/HPCL/FUEL,935.95,,-237969.83
19/10/2025,UPI/MEESHO/1098567230/ORDER,5558.01,,-243527.84
19/10/2025,IMPS/TRANSFER/PERSONAL,4241.5,,-247769.34
21/10/2025,UPI/IXIGO/6543012780/TRAIN TICKET,851.49,,-248620.83
22/10/2025,NEFT/STARBUCKS INDIA/COFFEE,571.6,,-249192.43
22/10/2025,UPI/NETFLIX/3210700007/SUBSCRIPTION,640.34,,-249832.77
23/10/2025,POS/KFC INDIA/BANGALORE/DEBIT,432.18,,-250264.95
23/10/2025,POS/KFC INDIA/BANGALORE/DEBIT,544.5,,-250809.45
23/10/2025,POS/KFC INDIA/BANGALORE/DEBIT,339.51,,-251148.96
23/10/2025,POS/PETRO BUNK/HPCL/FUEL,344.4,,-251493.36
23/10/2025,BBPS/AIRTEL/MOBILE RECHARGE/PREPAID,743.5,,-252236.86
23/10/2025,UPI/NETMEDS/7654300003/PHARMA,528.76,,-252765.62
24/10/2025,POS/MCDONALDS INDIA/BANGALORE,539.54,,-253305.16
24/10/2025,BBPS/BWSSB/WATER BILL/PAYMENT,1517.62,,-254822.78
25/10/2025,POS/CHAAYOS/INDIRANAGAR/DEBIT,733.83,,-255556.61
25/10/2025,UPI/BLINKIT/7654321098/QUICK GROCERY,702.31,,-256258.92
25/10/2025,UPI/NYKAA/0987456120/BEAUTY,2502.46,,-258761.38
26/10/2025,UPI/BLINKIT/7654321098/QUICK GROCERY,660.83,,-259422.21
27/10/2025,UPI/UBER/9876512340/RIDE,329.62,,-259751.83
27/10/2025,UPI/GROWW/6544400014/MF INVESTMENT,6381.19,,-266133.02
28/10/2025,UPI/AJIO/9876345010/CLOTHING,5290.44,,-271423.46
01/11/2025,UPI/ZEPTO/3210987654/INSTANT DELIVERY,1329.47,,-272752.93
01/11/2025,UPI/TATAPLAY/DTH RECHARGE,687.16,,-273440.09
01/11/2025,UPI/INOX/9877100011/MOVIE BOOKING,318.76,,-273758.85
02/11/2025,NEFT/INFOSYS BPO/SALARY/OCTOBER,,83565,-190193.85
02/11/2025,UPI/GROFERS/0987654321/GROCERY,2580.85,,-192774.7
02/11/2025,UPI/BIGBASKET/4321098765/GROCERY,1782.17,,-194556.87
02/11/2025,POS/DMART/BANGALORE/GROCERY,1684.98,,-196241.85
02/11/2025,UPI/FASTAG/NHAI/TOLL PAYMENT,878.59,,-197120.44
02/11/2025,UPI/HOTSTAR/1098900009/SUBSCRIPTION,515.2,,-197635.64
03/11/2025,UPI/MEESHO/1098567230/ORDER,4517.27,,-202152.91
03/11/2025,UPI/SNAPDEAL/7654123790,1911.22,,-204064.13
05/11/2025,UPI/BIRYANI BLUES/5432109876,682.91,,-204747.04
05/11/2025,POS/MCDONALDS INDIA/BANGALORE,663.93,,-205410.97
05/11/2025,UPI/MAKEMYTRIP/5432901670/FLIGHT BLR DEL,1479.69,,-206890.66
05/11/2025,POS/RELIANCE DIGITAL/KORAMANGALA/GADGET,3413.14,,-210303.8
05/11/2025,IMPS/TRANSFER/PERSONAL,3155.4,,-213459.2
07/11/2025,UPI/BIRYANI BLUES/5432109876,768.71,,-214227.91
07/11/2025,ACH/AXIS MF/SIP/SMALL CAP FUND,4638.92,,-218866.83
08/11/2025,UPI/P2A/SARAVANA BHAVAN/RESTAURANT,423.76,,-219290.59
08/11/2025,UPI/KUVERA/5433500015/MUTUAL FUND,5994.41,,-225285.0
10/11/2025,UPI/REDBUS/4321890560/BUS TICKET,412.51,,-225697.51
10/11/2025,UPI/MAKEMYTRIP/5432901670/FLIGHT BLR DEL,470.72,,-226168.23
10/11/2025,UPI/MAKEMYTRIP/5432901670/FLIGHT BLR DEL,614.57,,-226782.8
11/11/2025,UPI/AMAZON PRIME/0988000010/MEMBERSHIP,744.23,,-227527.03
12/11/2025,UPI/AMAZON PRIME/0988000010/MEMBERSHIP,349.78,,-227876.81
13/11/2025,POS/CHAAYOS/INDIRANAGAR/DEBIT,487.82,,-228364.63
13/11/2025,UPI/SNAPDEAL/7654123790,5552.54,,-233917.17
14/11/2025,NEFT/STARBUCKS INDIA/COFFEE,487.23,,-234404.4
14/11/2025,UPI/UBER/9876512340/RIDE,869.31,,-235273.71
14/11/2025,NEFT/TRANSFER/RENT PAYMENT,5337.36,,-240611.07
16/11/2025,UPI/YOUTUBE PREMIUM/8766200012,452.37,,-241063.44
18/11/2025,UPI/MEESHO/1098567230/ORDER,2127.62,,-243191.06
18/11/2025,UPI/AIRBNB/0989000020/ACCOMMODATION,6883.16,,-250074.22
20/11/2025,POS/PETRO BUNK/HPCL/FUEL,1177.0,,-251251.22
21/11/2025,POS/LIFESTYLE/FORUM MALL/SHOPPING,1093.03,,-252344.25
23/11/2025,UPI/1MG/8765200002/MEDICINE ORDER,772.64,,-253116.89
24/11/2025,UPI/SUBWAY/6543210987/SANDWICH,572.22,,-253689.11
24/11/2025,ACH/ICICI BANK/EMI/PERSONAL LOAN,13564.83,,-267253.94
25/11/2025,UPI/BLINKIT/7654321098/QUICK GROCERY,311.37,,-267565.31
25/11/2025,UPI/BIGBASKET/4321098765/GROCERY,2700.21,,-270265.52
25/11/2025,UPI/TATAPLAY/DTH RECHARGE,1301.52,,-271567.04
25/11/2025,POS/COLUMBIA ASIA/HOSPITAL/CONSULTATION,992.57,,-272559.61
26/11/2025,UPI/FASTAG/NHAI/TOLL PAYMENT,824.74,,-273384.35
27/11/2025,UPI/COIN ZERODHA/4322600016/MF SIP,5908.97,,-279293.32
27/11/2025,ATM/SBI ATM/KORAMANGALA/CASH,4540.09,,-283833.41
28/11/2025,UPI/P2A/DOMINOS PIZZA INDIA/FOOD,473.88,,-284307.29
28/11/2025,UPI/RAPIDO/7654390128/BIKE TAXI,399.99,,-284707.28
